769 1252
143 120 167 137 70
244 118 385 137 RYCCARDUS
399 118 429 136 DE
444 119 462 137 S.
476 118 592 138 GERMANO

180 169 282 193 Gregorius
295 175 343 193 papa
357 174 367 186 a
377 169 436 187 Reate
446 169 553 193 discedens,
568 169 618 187 vadit
627 169 692 194 Spole-

143 197 182 213 tum
193 197 211 212 et
221 194 288 212 exinde
299 194 401 212 Perusium.

180 219 284 244 lmperatm
293 219 341 243 apud
351 219 476 237 Brundusium
487 225 508 237 se
518 219 625 243 conferens
639 225 691 237 mare

142 245 208 268 intrat⁷
222 246 241 262 et
254 244 303 268 apud
317 244 407 262 Sanctum
421 244 515 262 Andream
528 245 551 263 de
563 244 625 263 insula
637 244 692 263 iussit

143 258 208 287 omnia⁷
215 269 289 293 navigia
297 272 362 298 parata
369 270 392 287 ad
400 269 500 287 transitum
509 270 619 294 convenire3
629 276 651 288 ac
661 276 692 288 ex-

143 295 185 313 inde
200 295 303 312 Ydrontum
320 294 423 319 navigans
441 294 521 313 feliciter
536 295 584 313 ultra
600 301 652 313 mare
668 296 690 313 ad

142 320 203 338 crucis
217 319 329 344 obsequium
342 320 480 344 transfretavit⁷
499 320 528 338 ubi
543 320 585 344 quid
600 320 660 344 egerit
672 322 691 338 et

142 345 222 370 qualiter
231 345 249 363 111
256 347 309 363 ten-e
319 347 385 363 sancte
395 345 537 369 recuperatione
545 345 651 370 profecerit.
662 351 691 363 se-

142 376 203 395 quens
212 370 267 388 lectio
277 370 384 388 declarabit.

180 395 283 419 Gregorius
291 401 339 419 papa
347 401 414 413 mense
421 395 460 413 Iulii
469 396 492 413 de
500 395 577 413 Perusio
585 395 635 413 vadit
640 395 691 414 Asci-

142 420 199 444 sium,
208 420 238 438 ubi
248 420 325 438 fratrem
335 421 462 444 Franciscum⁷
472 420 563 438 Minorum
574 421 652 438 fratrum
662 427 690 439 or-

142 445 189 464 dinis
200 445 324 469 inventorem⁷
338 448 415 473 propter
427 446 463 463 duo
473 452 509 469 que
519 446 591 463 fecerat
600 446 690 464 miracula

142 471 160 488 in
173 473 246 495 aperto,
259 470 277 488 in
292 477 337 489 ceco
350 470 437 488 videlicet
450 476 486 488 uno
500 473 519 488 et
533 471 608 494 claudo,
622 471 689 495 quibus

142 496 203 514 visum
214 498 233 514 et
242 502 329 520 gressum
340 495 451 519 reddiderat
465 495 590 520 canonizavit
604 498 623 514 et
634 496 690 514 Peru-

142 521 191 539 sium
205 521 286 545 rediens
301 521 324 539 ibi
337 520 486 539 anniversarium
497 509 597 545 magnifice
608 521 690 544 celebrat

141 546 243 565 innocentii
253 552 302 571 pape
311 546 452 571 predecessoris
462 546 496 564 sui.

178 572 249 590 Eodem
262 577 328 590 mense
338 571 377 589 Iulii
388 577 442 590 mons
451 571 499 589 lscle
509 572 611 589 subversus
622 574 657 594 est⁷
671 573 690 589 et

141 596 215 621 operuit
224 597 242 614 in
252 597 346 615 casalibus
356 598 390 615 sub
401 602 423 614 eo
433 597 524 620 degentes
533 597 572 614 fere
581 597 689 621 septingen-

140 624 170 640 tos
180 621 267 640 homines
277 621 326 639 inter
335 622 384 639 viros
395 624 413 639 et
423 621 518 639 mulieres.

178 647 244 664 Mense
259 646 339 670 Augusti
355 646 424 664 Marius
439 646 537 670 Rapistrus
554 647 612 664 cessit
627 646 689 664 officio

140 671 277 695 iustitiariatus,
286 674 305 689 et
314 671 423 695 Stephanus
433 672 455 689 de
464 671 549 695 Anglone
559 674 578 689 et
587 671 689 689 Pandulfus

140 697 163 715 de
172 696 245 721 Aquino
255 696 350 715 substituti
360 699 403 715 sunt:
412 696 437 714 illi
447 697 470 714 de
479 696 568 714 mandato
580 696 632 714 ducis
642 696 689 721 Spo-

140 721 177 740 leti.
200 722 235 744 Qui
249 722 272 740 de
281 722 348 746 Apulia
357 722 476 740 Introducum
487 721 543 745 vadit⁷
557 724 576 740 et
588 727 655 740 omnes
665 722 688 740 de

140 753 200 771 regno
212 747 300 765 sollicitat
313 747 425 771 infeudatos
440 749 459 765 ut
471 747 494 765 ad
507 753 551 765 eum
564 748 633 765 vadant
646 753 687 765 eum

140 772 219 791 exfortio
233 778 267 790 suo
282 773 304 790 ad
318 773 436 790 dominorum
451 772 516 796 Popliti
531 771 628 790 rebellium
645 778 688 790 con-

140 797 241 820 fusionem.
249 798 280 821 qui
288 803 309 815 se
317 800 381 816 contra
390 797 523 825 imperatorem
530 797 547 815 in
553 797 688 822 Capitinnano·

140 824 257 847 receperant
283 823 355 841 interea
369 822 471 847 imperialis
485 823 580 841 exercitus
592 823 641 847 capit
651 825 687 840 1111·-

140 853 180 865 rem
190 848 213 865 de
223 847 302 865 Renaria
313 850 332 865 et
341 850 370 866 te1
371 853 410 865 ram
421 848 522 872 quamdam
532 849 554 866 de
564 854 613 866 novo
623 850 687 865 contra

139 873 273 897 imperatorem
286 872 390 896 firmatam,
407 879 463 897 quam
478 875 535 891 totam
549 873 686 891 destruxerunt.

139 898 247 921 Raynaldus
255 898 291 916 dux
299 898 369 923 Spoleti
379 904 422 916 cum
432 898 523 922 imperiali
533 901 590 922 gente
600 898 686 916 dominos

139 923 205 947 Popliti
219 923 237 941 in
251 923 375 948 Capitinnano
389 923 470 947 obsidet3
485 923 515 947 qui
529 929 572 941 cum
586 929 607 941 se
621 926 686 941 tenere

139 954 176 966 non
190 951 276 973 possent7
290 952 367 973 accepta
380 950 403 967 ab
417 954 440 966 eo
453 948 553 966 securitate
566 949 589 967 de
600 948 686 973 personis

140 975 158 991 et
167 974 223 992 rebus
233 973 279 997 suis,
289 980 311 992 se
320 974 369 998 apud
379 974 437 992 Reate
447 973 571 992 contulerunt.
588 974 640 992 Tunc
649 974 686 991 dux

139 998 180 1023 ipse
190 998 291 1017 Marchiam
302 999 363 1022 intrat⁷
377 1004 399 1016 ac
411 998 510 1017 Bertoldus
520 999 576 1017 frater
586 999 627 1017 eius
637 998 685 1016 circa
695 1004 698 1007 ¹

138 1023 206 1042 Nursie
216 1024 331 1048 provinciam
341 1026 431 1042 remanet.
454 1023 490 1045 Qui
500 1027 581 1042 castrum
592 1024 685 1048 quoddam

139 1049 188 1073 quod
196 1049 256 1067 Brusa
266 1049 332 1067 dicitur
341 1048 375 1067 sibi
385 1049 456 1067 rebelle
465 1049 562 1072 destruxit,
572 1049 651 1074 eiusque
660 1048 686 1066 in-

138 1079 150 1096 u)
161 1078 242 1097 Capuan-..ff
251 1083 262 1092 ι.
