769 1252
150 114 185 132 126
250 113 393 131 RYCCARDUS
407 113 437 131 DE
451 113 468 131 S<
483 113 598 131 GERMANO

149 164 240 182 infestare
249 163 299 188 cepit
309 169 341 181 eos
352 163 382 187 qui
392 163 411 180 in
418 163 482 181 odium
490 162 608 187 imperatoris
617 162 698 180 ecclesie

149 189 272 212 adheserant3
291 191 368 213 propter
384 188 432 213 quod
446 189 469 206 ad
484 194 532 213 pape
547 188 636 211 verbum,
655 188 698 212 quia

150 217 232 233 castrum
246 214 316 232 Sancte
329 213 387 232 Marie
400 214 423 231 de
436 213 516 237 Oliveto⁷
530 214 579 238 quod
592 213 698 237 Roggerius

149 240 172 258 de
182 239 265 257 Gallucio
275 240 351 257 tenebat
363 238 394 263 qui
403 239 421 256 in
432 241 505 263 partem
516 238 597 260 ecclesie
607 241 699 262 cesserat,

150 265 191 289 ipse
204 264 304 283 Gualtevus
320 266 403 288 ceperat,
417 264 457 288 ipso
469 264 584 288 imperatore
597 264 699 282 mandante

149 296 184 315 per
197 289 309 314 magistrum
322 289 442 307 iustitiarium
455 291 520 313 captus
535 292 565 307 est
580 291 599 307 et
614 289 699 307 custodie

149 315 237 338 traditu53
254 320 311 339 quem
327 317 391 332 tamen
407 315 429 332 ad
446 320 514 338 preces
530 314 610 332 Odcrisii
626 314 699 332 abbatis

151 340 215 359 Sancti
224 339 316 358 Vincentii
330 339 420 357 liberavit.
438 339 543 363 Imperator
552 339 570 357 in
581 345 661 363 regnum
671 345 699 357 re-

151 366 212 388 diens,
225 365 296 383 casalia
306 365 387 389 quedam
396 364 463 393 Apulie
473 364 582 389 depopulari
596 364 654 383 iubet:
669 370 699 382 ca-

151 391 191 409 sale
206 390 324 409 Castellionis
340 390 362 408 ad
375 390 480 408 Casmense
492 389 629 408 monasterium
643 389 700 414 perti-

151 422 199 434 nens
210 415 267 439 recipi
277 416 360 439 mandat7
375 417 394 433 et
402 415 501 433 inhabitari
512 416 535 433 ad
544 421 592 440 opus
602 421 662 433 suum,

188 441 254 458 Mense
264 440 381 464 Septembris
392 440 474 458 studium
485 441 533 464 quod
543 440 561 458 in
571 440 655 464 Neapoly
666 446 701 464 per

151 466 285 490 imperatorem
296 468 386 483 statutum
394 465 462 489 fuerat,
471 466 520 490 quod
528 465 588 484 extitit
594 466 701 483 turbatione

151 491 200 509 inter
212 490 313 509 ecclesiam
324 493 343 508 et
352 490 451 515 imperium
462 493 526 509 secuta
536 491 611 515 penitus
621 490 701 509 dissolu-

151 519 198 539 tum⁷
211 522 246 541 per
255 516 388 540 imperatorem
398 516 417 534 in
426 516 510 540 Neapoly
519 516 637 534 reformatur.

189 541 269 559 Romani
287 541 350 559 statim
368 544 412 565 post
429 541 536 559 discessum
552 541 672 565 imperatoris
690 547 701 558 a

151 566 288 591 lbrspanpano⁷
305 572 347 584 cum
362 566 401 584 suis
416 566 485 584 viribus
500 567 647 591 Raspanpanum
661 572 701 584 mu-

152 592 206 609 niunt
216 592 271 610 victui
281 591 402 615 necessariis7
415 594 433 609 et
443 592 567 616 procedentes
577 592 629 615 inde,
643 597 702 615 super

152 616 254 635 Viterhium
268 617 338 635 vadunt
351 616 413 635 minus
427 617 504 641 provide
519 617 625 641 equitantes
641 622 701 641 usque

153 643 175 660 ad
186 645 250 666 portas
258 642 347 665 civitati53
357 644 434 666 propter
441 643 489 666 qnod
497 642 549 667 ipsos
557 642 575 660 in
583 642 642 660 reditu
650 641 702 666 peni-

153 668 188 685 tuit
198 667 300 691 equitasse.
322 667 369 685 Nam
382 667 481 692 intercepti
496 673 506 685 a
519 667 626 686 Teutonicis
641 667 702 685 militi-

153 693 188 710 bus
203 695 221 710 et
234 692 341 710 hominihus
356 692 435 710 civitatis
447 692 514 717 ipsius,
527 693 580 711 mulli
593 699 616 711 ex
627 692 673 716 ipsis
683 692 701 710 in

154 723 186 736 ore
199 717 255 742 gladii
270 718 386 741 ceciderunt⁷
405 720 423 736 et
440 717 492 735 multi
506 717 524 735 in
539 718 644 742 captionem
658 720 702 735 sunt

154 743 214 767 ducti,
232 743 278 767 ipsis
294 743 414 761 nihilominus
429 745 506 761 strenue
522 749 543 761 se
559 742 702 761 defendentibus

155 770 220 786 contra
233 768 274 786 illos
289 770 308 786 et
321 768 422 786 nonnullos
431 769 454 786 de
464 768 585 786 nobilioribus
595 768 702 786 Teutonicis

154 793 300 816 trucidantibus,
314 799 357 811 cum
371 799 405 811 eos
418 793 489 811 nollent
498 799 597 811 reservare
606 794 629 811 ad
639 793 702 811 vitam.

192 818 233 836 Hoc
249 824 309 842 anun,
327 819 376 842 quod
390 818 482 836 l-lenricus
497 824 530 836 rex
544 821 609 837 contra
622 818 702 843 impera-

155 846 216 861 torem
230 846 303 868 patrem
316 849 371 861 suum
385 843 496 862 seditionem
506 844 524 861 in
534 844 644 862 Alamannia
654 844 702 862 fece-

155 868 185 893 rit,
198 869 249 886 fama
258 868 297 886 fuit.

400 904 462 927 1235.

193 939 259 957 Mense
273 939 353 957 Ianuarii
366 939 468 963 imperator
482 939 591 963 generalem
606 939 703 957 collectam

156 963 190 981 toti
200 969 258 988 regno
269 964 354 989 imponit7
368 967 387 982 et
396 967 440 982 tunc
449 964 528 982 collecte
538 965 613 983 fuerunt
622 965 645 983 de
654 967 703 982 terra

158 989 267 1007 monasterii
277 989 332 1007 uncie
341 990 378 1007 400
391 995 424 1013 pro
436 989 567 1008 adoamenlo⁵³
579 995 613 1014 per
626 989 704 1014 Stepha-

157 1020 202 1032 num
216 1015 238 1032 de
251 1014 337 1038 Anglone
350 1014 469 1034 iustitiariuin
483 1017 533 1033 terre
545 1015 629 1038 Laboris,
643 1017 662 1032 et
671 1019 704 1039 pro

155 1042 222 1057 ‘mutuo
233 1039 287 1057 uncie
297 1039 339 1057 200,

158 1074 183 1092 53)
195 1073 275 1088 servilium
287 1073 358 1088 militare.
