769 1252
140 113 163 130 84
241 111 382 130 RYCCARDUS
396 111 427 130 DE
440 111 458 130 S.
472 112 587 130 GERMANO

177 162 229 180 Tunc
245 161 338 179 Roffridus
354 162 506 186 archipresbyter
521 162 584 180 Sancti
598 162 688 180 Germani

140 193 174 211 per
180 187 307 205 Albanensem
315 186 433 212 episcopum,
443 193 491 211 papa
499 187 618 211 mandante,
615 193 632 205 111
640 187 689 205 Tea-

140 218 219 230 nensem
229 212 339 236 episcopum
349 214 379 230 est
388 215 503 240 assumptus.

177 237 197 255 In
210 237 276 262 Apulia
292 237 328 255 illis
342 237 408 255 diebus
421 237 496 261 quidam
509 237 576 256 Paulus
591 238 614 255 de
626 237 688 261 Loga-

139 262 191 280 theta
206 262 309 286 imperialis
323 262 432 280 iustitiarius
448 262 566 280 membratim
583 262 687 280 trucidatus

140 290 170 306 est
179 288 201 305 ab
212 287 254 311 hiis⁷
268 287 299 312 qui
308 287 350 305 odio
360 287 493 312 imperatorem
503 287 602 306 habehant,

176 313 282 337 Imperator
293 319 335 331 eum
345 313 439 331 fortunato
449 313 623 337 crucesignatorum
634 319 687 331 exer-

139 338 176 356 citu
190 338 241 356 venit
255 338 339 362 Capuam
351 344 418 356 mense
432 338 559 362 Septembris,
577 340 596 356 et
611 339 634 356 ab
650 338 686 356 ista

139 366 192 387 parte
201 363 265 388 Capue
275 363 423 381 Sarracenorum
433 369 503 381 cuneos
515 363 613 387 ordinavit7
626 369 687 387 seque

138 388 241 413 Neapolyrn
256 388 333 406 contulit
345 388 383 406 eris
396 391 414 406 et
424 388 486 412 gentis
496 395 506 407 a
517 388 587 406 civibus
597 388 686 406 auxilium

152 414 236 432 etiturus.

138 420 150 438 p
176 438 229 456 Tunc
244 438 310 457 civitas
325 438 495 467 Sanctagathensis
512 441 580 467 sponte
598 438 648 456 venit
662 439 685 456 ad

139 464 248 481 mandatum
262 463 349 487 ecclesie¹
364 466 381 482 et
392 470 413 482 se
423 464 501 482 reddidit
510 463 585 482 domino
595 469 649 488 pape.

176 489 244 507 Comes
255 489 360 513 Roggzrius
369 489 393 507 de
402 489 467 513 Aquila
477 488 535 507 fllium
545 495 600 507 suum
614 488 685 512 recipit

138 520 195 538 quem
205 514 223 532 in
233 514 296 532 Sicilia
306 514 389 532 obsidem
400 517 486 532 tenuerat
495 514 603 539 imperator.

176 539 263 564 Pelagius
273 539 385 558 Albanensis
399 539 499 564 episcopus
512 545 546 564 pro
559 539 632 557 defectu
643 539 685 557 soli-

138 565 211 589 durum7
225 571 272 589 quos
283 565 353 583 habere
363 571 400 582 non
410 567 489 589 poterat7
499 564 540 589 capi
550 564 601 582 iubet
609 564 685 582 thesau-

138 596 179 608 rum
189 590 269 608 ecclesie
279 590 388 609 Casinensis
401 592 419 608 et
432 590 512 608 ecclesie
522 590 585 608 Sancti
595 589 685 608 Germani

138 621 172 640 per
181 615 301 634 Calinensem
311 615 428 639 episcopum7
442 621 485 633 cum
498 621 535 639 quo
547 614 609 633 clerici
621 614 684 633 Sancti

138 640 226 659 Germani
243 640 261 658 in
276 643 326 658 certa
340 640 443 664 quantitate
457 640 536 664 pecunie
550 643 684 664 convenerunt

138 672 161 683 ne
171 666 281 684 thesaurum
291 665 371 683 ecclesie
381 668 492 690 asportaret

175 691 279 715 Imperator
295 697 304 708 a
321 690 404 715 Neapuly
419 691 501 715 Capuam
516 691 602 714 rediens
621 693 684 709 movet

137 716 204 734 exinde
214 718 275 734 castra
285 722 326 740 sua
340 719 359 734 et
369 716 448 734 veniens
458 716 543 739 Calvum
557 716 587 734 ubi
600 716 683 734 nonnulli

136 742 160 759 de
173 741 235 769 papali
249 741 331 759 exercitu
344 744 473 759 convenerant
482 742 504 759 ad
514 730 619 764 ‹lel‘ensam7
632 741 683 759 illam

136 767 181 785 fecit
190 766 284 791 undique
280 766 393 791 impugnari,
403 769 421 784 et
430 769 475 784 tunc
484 769 549 791 captos
559 767 649 791 quosdam
660 767 683 784 de

136 792 240 816 Campania
250 792 339 816 suspendi
347 792 403 810 iubet
418 792 440 810 Et
447 792 523 810 tandem
532 792 610 810 Calvum
618 791 684 816 recipit

137 818 159 835 ad
169 817 277 835 mandatum
288 819 307 834 et
315 816 425 835 fidelitatem
435 823 495 834 suam.
513 817 595 841 lndeque
605 823 642 835 non
652 818 683 835 ob-

137 842 229 860 stantibus
244 841 328 860 hostibus
343 848 376 866 per
389 842 482 865 Ryardum
495 842 567 860 habens
584 842 683 860 transitum

136 868 159 886 ad
166 867 255 886 Sanctam
262 867 340 885 Mariam
348 867 371 885 de
378 866 462 885 Ferraria
469 867 521 885 venit
527 867 641 896 indempnis·
651 867 682 885 ubi

136 898 170 917 per
182 893 262 911 triduum
276 898 349 910 moram
362 892 433 910 faciens
442 892 548 915 Vayranum
562 895 633 917 recipit⁷
646 892 683 910 Ali-

136 918 200 943 pln'am
208 917 332 936 etVenat'rum
340 919 423 935 ettotam
430 919 500 935 terram
507 917 587 935 filiorum
593 917 682 936 Pandulfl.

174 943 238 961 Dictus
245 949 290 961 vero
296 942 383 966 Pelagius
389 942 501 961 Albanensis
509 943 616 971 episcopus⁷
624 946 642 961 et
650 949 682 961 rex

136 968 231 992 quondam
240 967 414 986 lherosolimitanus
424 974 458 992 per
467 968 555 986 Melinum
568 968 603 986 iter
613 968 683 986 haben

135 996 172 1016 tes⁷
186 999 229 1011 cum
238 995 277 1011 toto
287 992 370 1011 exercitu
380 993 481 1011 Minianurn
496 996 594 1016 venerunt
608 996 626 1011 et
639 993 682 1011 inde

136 1018 193 1037 celeri
203 1018 246 1042 fuga
256 1018 350 1043 petierunt
359 1018 448 1037 Sanctum
458 1018 579 1037 Germanum.

173 1043 211 1062 Illis
225 1043 290 1062 ‹tiehus
303 1043 391 1062 homines
405 1043 468 1062 Sancti
481 1043 570 1061 Germani
586 1043 683 1066 timentes,

137 1075 160 1087 ne
170 1069 242 1093 papalis
252 1069 345 1087 exercitus
355 1072 388 1087 aut
397 1068 487 1093 imperiali
497 1068 573 1086 cederet
582 1071 614 1086 aut
623 1068 683 1086 victus
