769 1252
145 106 180 125 142
245 105 387 124 RYCCARDUS
401 105 431 124 DE
444 105 463 124 S,
476 105 593 124 GERMANO

144 156 187 174 nelli
197 155 250 179 fiunt
259 155 373 179 imperatore
381 155 489 178 mandante,
499 156 521 173 ad
530 155 627 173 defensam
636 161 692 173 rocce

143 181 207 199 lanule
225 183 244 199 et
258 180 330 203 Casini;
350 182 427 205 propter
442 181 491 205 quod
506 183 525 198 et
540 180 626 198 homines
640 182 692 198 terre

144 206 253 224 monasterii
269 206 291 223 ad
308 205 405 224 incidenda
421 205 523 230 lignamina
540 205 585 230 ipsis
599 205 693 223 machinis

144 234 255 259 opportuna⁷
263 233 281 249 et
289 232 347 249 boves
354 231 377 249 ad
385 236 407 248 ea
415 231 515 249 deferenda
524 237 560 248 non
570 231 642 249 modice
648 233 694 248 sunt

144 256 222 281 gravati.
240 256 334 274 Roffridus
344 256 449 274 Teanensis
459 256 559 280 episcopus
569 258 614 280 aput
623 256 694 274 Corne-

144 285 184 300 tum
193 281 243 299 obiit,

182 306 248 324 Mense
262 306 373 324 Novembris
388 306 491 330 Gregorius
507 312 555 330 papa
571 307 594 324 de
607 306 695 330 Anagnia

145 332 192 350 redit
204 332 227 349 ad
241 331 317 355 Urbem7
331 331 361 349 uhi
373 337 383 349 a
394 331 483 349 Romanis
493 332 579 349 omnibus
590 330 695 349 honorifice

127 364 139 373 v.
145 359 233 381 receptus
242 359 275 374 est.
291 356 327 378 Qui
335 356 352 374 in
361 356 432 374 octavis
440 356 489 374 beati
497 356 570 374 Martini
579 356 695 374 sententiam

145 382 202 400 latam
216 381 234 399 in
247 381 381 406 imperatorem
393 381 497 405 confirmat7
511 384 530 399 et
543 381 695 399 excommunicat

145 407 246 425 Heni-icum
257 406 362 424 naturalem
372 406 430 424 fllium
441 406 481 425 eius
496 409 514 424 et
523 412 590 424 omnes
600 412 695 430 sequaces

146 437 211 450 eorum
222 437 255 456 pro
265 437 294 455 eo,
308 432 357 456 quod
367 432 477 455 marchiam7
491 438 547 456 quam
560 431 604 450 iuris
615 437 658 450 esse
669 431 696 449 di-

147 458 201 475 cebat
210 456 298 480 ecclesie,
313 457 405 475 hostiliter
414 459 443 475 est
452 457 556 481 ingressus.

184 482 249 500 Mense
264 482 374 500 Decembris
386 482 488 506 imperator
502 482 551 506 apud
564 482 617 500 Pisas
632 481 695 499 natale

146 507 219 525 Domini
230 507 317 525 celebrat.
333 507 413 529 Quidam
424 507 481 525 frater
488 507 557 530 Helyas
567 507 598 531 qui
608 507 625 524 in
636 507 696 525 eccle-

147 533 173 550 sia
184 532 244 550 sancti
254 532 347 550 Francisci
357 533 406 560 apud
415 532 509 550 Ascisium
522 532 613 556 magister
624 532 695 550 ordinis

147 558 225 575 fratrum
235 557 328 575 Minorum
339 557 431 575 extiterat.
445 563 478 586 pro
489 563 518 581 eo
532 558 580 581 quod
590 558 638 581 apud
649 557 695 575 Gre-

147 583 221 607 gotium
231 588 299 607 papam
309 582 383 601 delatus
393 589 403 600 a
413 582 500 601 fratribus
510 583 560 611 quod
568 582 618 600 male
629 582 695 600 ammi-

148 608 257 631 nistrassei
275 614 318 625 eum
331 608 372 632 ipse
382 614 434 637 papa
448 608 470 626 ab
484 607 653 625 amministratione
666 613 695 625 re-

149 633 213 656 movit,
223 633 240 650 in
250 633 313 651 odium
324 639 372 657 pape
382 633 489 657 imperatori
500 633 579 651 adhesit
595 632 664 661 Vigiles
673 633 695 650 de

149 660 203 676 nocte
214 663 248 682 per
255 658 371 681 Ryccardum
381 659 404 676 de
413 658 475 676 Monte
486 658 539 682 nigro
549 657 667 676 iustitiarium
678 658 695 675 in

149 683 253 708 principatu
264 683 328 708 Capue
338 683 402 701 statuti
412 685 460 701 sunt.

393 741 454 764 1240.

187 785 253 803 Mense
263 785 342 802 Ianuarii
353 791 386 809 per
395 784 499 809 predictum
510 784 627 809 capitaneum
640 790 697 809 gene-

150 810 195 828 ralis
203 810 281 827 collecta
289 809 375 834 exigitur,
385 810 498 834 imperatore
506 810 617 833 mandante;
626 812 646 828 et
653 812 698 828 tunc

150 835 257 853 visitatores
267 837 372 853 castrorum
381 841 415 859 per
422 841 502 859 regnum
510 835 654 859 constituuntur,
665 841 698 859 per

151 866 199 885 quos
213 861 236 878 de
249 859 334 878 fidelibus
349 860 432 884 deputati
444 863 489 878 sunt
502 860 569 884 aliqui,
587 860 618 885 qui
636 862 697 878 castra

151 885 254 910 imperialia
269 885 345 903 visitent
358 885 418 903 semel
432 885 450 903 in
460 885 585 909 hebdomada,
599 887 666 903 ettam
675 885 698 903 de

151 910 206 929 factis
216 910 361 929 castellanorum
375 916 431 934 quam
444 911 467 928 de
482 916 560 928 numero
575 910 697 928 servientium

152 936 252 960 diligenter
265 935 366 960 inquirant⁷
380 935 466 954 similiter
479 938 499 954 et
510 937 533 954 de
543 935 617 953 defectu
627 941 698 953 eorum.

190 960 255 979 Mense
268 960 362 978 Februarii
381 966 415 989 per
430 961 511 979 eumiem
529 960 648 985 capitaneum
665 966 700 988 per

152 987 212 1003 toturn
221 991 301 1009 regnum
310 985 332 1004 fit
340 985 435 1010 inquisitio
445 986 539 1010 generalis
550 988 615 1004 contra
622 986 699 1013 imposi-

152 1013 204 1028 tores
214 1013 232 1028 et
242 1010 353 1028 collectores
363 1010 441 1029 collecte
449 1011 550 1035 imperialis
558 1011 601 1029 anni
609 1010 699 1035 preteriti⁷

154 1038 173 1053 ut
185 1036 208 1054 de
219 1041 252 1054 sua
262 1035 332 1053 malitia
342 1041 375 1060 pro
386 1036 457 1054 meritis
467 1036 572 1060 puniantur.
596 1036 701 1060 Imperator

153 1061 205 1079 venit
217 1060 325 1085 Fulignum7
343 1060 373 1078 ubi
390 1060 490 1085 magnifice
504 1067 514 1079 a
527 1061 598 1079 civibus
611 1063 700 1085 receptus
