769 1252
152 104 186 122 146
250 103 392 122 RYCCARDUS
405 103 435 122 DE
449 103 467 121 S.
481 103 597 121 GERMANO

149 153 206 172 salvis
222 153 308 178 personis
325 156 343 171 et
359 154 415 171 rebus
433 153 530 171 hominum
549 153 629 171 civitatis
648 153 695 171 eius-

149 178 214 202 dem,
210 185 227 196 in
237 185 274 203 qua
284 181 350 203 postea
359 178 462 203 imperator
471 178 512 202 ipse
521 177 562 196 fieri
571 178 695 196 munitionem

112 201 114 203 ’
149 204 230 222 mandat„

186 228 252 247 Mense
264 228 320 246 Madii
334 228 352 246 in
366 228 413 246 festo
428 228 541 246 inventionis
555 230 620 246 sancte
634 228 695 246 crucis

148 254 203 278 galee
216 253 324 278 imperiales
335 259 377 272 curn
387 253 447 278 galeis
457 253 577 271 lanuensium
588 252 695 271 conflictum

148 279 247 303 habentes⁷
261 278 360 297 nonnullos
372 278 455 303 prelatos
464 278 591 296 occidentales
601 278 632 302 qui
642 281 696 296 erant

147 303 166 322 in
179 304 214 328 eis,
228 304 290 322 habita
303 303 379 322 victoria
389 304 412 322 de
421 303 551 327 lanuensibus,
565 306 662 328 ceperunt,
677 306 696 322 et

148 329 240 347 duxerunt
252 330 301 354 apud
313 329 366 347 Pisas
380 329 464 353 captivos
479 335 522 347 cum
535 329 606 347 duobus
619 329 694 353 legatis,

147 354 258 373 Prenestino
266 354 338 373 scilicet
344 354 433 382 episcopo
442 357 461 372 et
467 354 545 372 Oddone
553 354 615 372 Sancti
623 354 694 372 Nicolai

147 379 166 397 in
179 380 259 398 Cat-cere
273 379 357 397 Tulliano
371 379 450 397 diacono
463 379 560 402 cardinali,
577 379 600 397 de
614 385 693 403 quorum

147 405 235 422 mandato
248 404 348 423 veniebant
360 405 383 422 ad
410 411 433 429 ap
435 410 471 422 am.
497 404 547 422 Inter
561 410 608 428 quos
619 404 694 422 fuerunt

147 429 278 448 Cisterciensis
288 432 306 447 et
316 411 471 448 Clarevallensis
470 430 554 452 abbates,
567 435 602 447 nec
611 435 648 447 non
659 429 693 447 Ro-

146 454 277 478 thomagensis
294 454 457 479 archiepiscopus.
478 457 496 472 et
511 454 542 472 alii
558 460 605 478 quos
621 454 692 478 ignoro.

146 479 174 497 De
187 479 247 503 galeis
262 485 336 504 quoque
350 479 471 497 lanuensium
484 482 538 504 capte
552 482 595 497 sunt
605 479 652 497 ultra
663 480 692 503 ’ΖΟ7

147 507 165 522 et
178 504 261 522 nonnulli
274 504 409 522 lanuensium
405 510 423 522 ιιι
433 504 468 528 eis,
481 507 499 522 et
509 510 566 528 quam
576 505 639 532 plures
650 507 693 523 sunt

146 532 214 554 ΞΡΟῙΙῙΘ
219 531 243 548 Ob
249 532 310 548 motus
316 536 393 547 causam
399 530 417 547 in
422 535 469 547 marl
477 529 616 554 submer51'7qm
625 535 691 547 omnes

146 557 219 597 postep,
228 555 342 583 imperatore
353 555 460 578 mandante,
469 557 507 572 tarn
516 554 582 579 prelati
590 561 647 579 quam
655 555 692 578 alii,

146 586 189 598 cum
202 580 270 604 legatis
283 580 329 604 ipsis
345 580 363 598 in
379 586 459 604 regnum
475 580 523 604 apud
539 580 642 604 Neapolym
659 586 692 604 per

146 611 199 623 mare
208 605 226 623 in
237 605 343 630 captionem
353 605 402 623 ducti
415 607 490 628 sunt,e
479 607 498 623 et
510 605 529 622 in
542 605 645 623 custodiam
659 611 692 629 per

145 630 198 654 regni
213 630 290 648 castella
304 630 416 648 transmissi.
443 630 510 648 Milites
527 632 545 648 et
559 630 632 655 pedites
646 636 691 648 non-

145 655 190 673 nulli
206 655 255 679 apud
267 655 361 679 Aquinum
377 657 397 673 et
410 656 458 679 apud
472 655 562 673 Sanctum
575 655 690 673 Germanum

146 680 259 698 conveniunt
268 680 291 698 ad
301 680 354 704 regni
364 680 474 698 custodiam.

182 705 248 723 Mense
261 705 307 723 lunii
321 705 387 729 prelati
400 706 424 723 de
437 711 496 729 regno
509 705 571 724 vocati
585 706 607 724 ab
616 706 691 723 Andrea

145 730 167 748 de
175 730 237 749 Cicala
245 730 343 755 capitaneo
351 733 370 748 et
378 730 468 754 magistro
475 730 580 754 iustitiario,
589 731 639 755 apud
646 730 691 749 Mel-

144 755 208 779 phiam
216 756 238 773 ad
246 761 289 774 eum
297 756 375 779 vadunt,
383 762 393 774 a
402 755 468 780 quibus
475 756 559 774 thesauri
567 756 691 774 ecclesiarum

144 786 228 804 suarum,
237 783 275 799 tam
285 781 303 799 in
313 787 366 805 auro,
375 783 460 805 argento,
470 787 526 805 quam
534 781 618 799 vestibus
624 781 691 799 sericis

145 808 163 824 et
169 806 267 833 lapidibus
280 806 377 830 pretiosis,
396 806 414 824 in
428 807 547 824 commodato
559 812 593 830 pro
606 806 690 831 principe

144 830 249 854 exiguntur.

181 855 286 880 Imperator
301 855 400 874 discedens
416 862 427 874 a
442 856 531 874 Faventia
547 856 598 874 venit
611 856 690 879 Fanum,
722 880 724 882 Ι

143 886 207 905 quam,
221 881 353 905 circumposita
367 881 470 905 obsidione,
485 887 527 899 cum
536 881 613 899 flectere
622 882 645 899 ad
655 887 689 899 sua

143 908 187 924 vota
196 912 233 924 non
244 909 315 930 posset,
325 906 343 924 in
353 906 476 924 exterioribus
485 908 554 930 vastat,
563 909 582 924 et
590 906 689 925 discedens

143 931 186 949 inde
193 931 244 950 vadit
248 931 353 956 Spoletum,
361 932 409 956 quod
414 931 507 956 recipitad
513 932 621 950 mandatum
628 937 689 950 suum.

142 956 211 974 Ascisii
220 956 314 975 civitatem
324 957 359 975 sibi
368 956 480 975 renitentem
490 957 576 975 similiter
585 959 648 975 vastat
659 963 689 975 ex-

143 981 207 999 terius.

180 1006 251 1025 Eodem
261 1012 327 1025 mense
337 1007 388 1025 fama
398 1007 420 1025 de
430 1006 512 1025 Tanau-is
522 1008 545 1025 ad
554 1007 688 1031 imperatorem

143 1031 235 1074 pervenit,
249 1032 297 1055 quod
311 1031 347 1049 iarn
359 1032 433 1050 devicto
435 1038 488 1060 ⁴rege
497 1032 579 1056 Ungarie
592 1034 658 1050 essent
670 1032 687 1049 in

150 1056 213 1075 oribus
222 1056 339 1080 Alamannie,
353 1059 372 1075 et
384 1057 421 1075 hoc
434 1056 475 1081 ipse
485 1063 517 1075 rex
526 1057 609 1081 ungarie
619 1056 687 1081 signifi-
