769 1252
141 108 175 126 122
240 107 382 126 RYCCARDUS
396 107 427 126 DE
440 107 458 126 S.
472 107 587 126 GERMANO

139 158 222 176 fautores
232 164 278 182 quos
288 157 381 176 invenerit
390 157 446 176 huius
456 157 539 176 criminis
549 164 599 182 reos⁷
609 159 644 176 sub
653 164 686 176 suo

139 185 158 201 et
167 182 259 201 iustitiarii
269 186 319 201 terre
328 182 405 201 Laboris
415 182 522 201 testimonio
536 183 570 201 sibi
584 184 652 201 debeat
661 183 686 201 in-

138 211 211 226 timare.

176 233 279 257 Gregorius
289 239 338 257 papa
347 233 417 251 Urbem
430 232 502 256 exiens,
516 233 567 251 venit
575 233 687 257 Anagniam.

176 258 241 276 Mense
251 258 330 282 Augusti
343 258 366 276 ad
376 259 486 276 mandatum
495 258 581 276 Hectoris
591 259 614 276 de
623 259 687 277 Monte

138 283 218 301 Fusculo
231 283 323 302 iustitiarii
335 286 385 301 terre
399 283 476 301 Laboris
490 285 535 307 aput
547 283 632 301 Teanum
646 289 687 308 pre-

138 308 170 327 lati
184 308 214 327 isti
228 308 342 327 conveniunt
355 308 373 326 in
387 308 417 327 die
427 309 449 327 ab
459 309 527 327 eodem
536 308 633 327 iustitiario
644 315 687 327 con-

138 334 213 358 stituto,
227 334 298 352 scilicet
311 334 437 357 Cam-tanus,
451 333 559 358 Calvensis,
574 334 687 358 Calinensis⁷

141 359 264 381 Venafranust,
274 359 377 383 Aliphanus
386 361 404 377 et
411 359 503 382 Nolanus3
513 362 543 377 set
550 359 612 377 nullus
620 365 686 377 eorum

138 390 159 403 se
172 384 279 402 molestiam
292 384 322 402 vel
335 383 422 402 iniuriam
435 390 513 409 passum
523 384 582 403 fuisse
592 385 614 403 ab
624 384 686 409 aliquo

138 409 245 428 officialium
255 412 370 433 conquestus
381 412 415 427 est.

175 435 246 453 Eodem
255 440 322 453 mense
332 435 441 452 mandatum
451 435 474 452 de
484 434 573 453 diruendo
584 435 643 459 burgo
653 435 687 453 Ca-

139 465 175 484 pue
185 459 208 477 ad
217 459 330 483 magistrum
339 459 458 478 iustitiarium
469 466 479 477 a
489 465 555 478 cesare
565 460 665 478 emanavit.

176 484 245 503 Hector
260 485 283 503 de
298 485 362 503 Monte
377 485 457 503 Fusculo
474 491 508 509 per
524 485 659 509 imperatorem
675 491 687 503 a

138 509 256 528 iustitiariatu
273 512 382 534 amovetur,
403 512 422 528 et
437 510 546 534 Stephanus
561 510 584 528 de
599 510 686 534 Anglone

138 535 256 553 substituitur
264 535 295 553 illi.

176 560 232 578 Iudex
246 560 312 579 Petrus
327 561 349 578 ‹le
361 560 436 578 Telesia
452 560 591 584 inquisitionem
608 560 652 578 facit
667 560 685 578 in

138 585 211 604 abbatia
225 586 248 604 de
262 585 369 604 hominibus
384 585 466 603 demanii
480 585 592 610 imperialis⁷
606 591 686 610 quorum

138 613 227 635 parentes
238 613 257 628 et
266 610 295 628 avi
304 611 328 629 de
336 610 392 629 terris
399 610 480 628 demanii
488 610 580 635 originem
588 611 685 635 duxerant⁷

138 638 157 654 et
167 641 232 654 eorum
243 635 319 653 nomina
328 635 402 660 redegit
408 636 427 653 in
435 636 517 660 scriptis7
526 638 546 654 ut
553 636 576 654 de
583 636 626 660 illis⁷
635 637 685 660 quod

138 660 172 679 sibi
182 660 320 685 beneplacitum
330 661 392 685 fuerit,
406 661 461 679 faciat
471 661 578 685 imperator.

175 686 242 704 Mense
249 686 366 710 Septembris
373 686 456 704 Thomas
464 687 487 704 de
494 686 566 710 Aquino
572 686 685 705 Acerrarum

138 717 203 729 eomes
213 712 301 730 mandato
311 711 430 735 imperatoris
438 711 456 729 in
463 711 595 730 Lombardiam
602 711 653 730 vadit
661 712 685 729 ad

138 736 232 754 civitatem
243 737 343 760 Cremone⁷
356 743 393 761 que
402 736 454 755 favet
462 737 576 761 imperatori.

175 762 241 780 Mense
252 761 338 780 Octobris
349 762 453 780 cardinales
463 762 494 786 qui
503 768 525 780 se
534 762 593 780 Reate
603 762 685 780 contule-

137 789 186 811 rant,
200 787 282 805 revocati
292 793 303 805 a
313 793 362 811 papa
371 788 394 805 ad
404 787 474 805 Urbem
483 788 567 805 redeunt.

174 812 240 830 Mense
254 812 365 830 Novembris
379 812 481 836 Gregorius
497 818 547 837 papa
562 813 585 830 de
598 812 684 836 Anagnia

137 836 184 855 redit
194 837 217 855 ad
226 837 300 855 Urbem.

174 862 279 886 Imperator
296 862 346 880 diem
361 862 429 880 natalis
442 861 471 881 sui
484 868 519 887 per
531 865 590 880 totum
603 868 684 887 regnum

137 893 193 905 suum
206 888 283 906 mandat
294 887 312 905 in
322 888 371 906 festo
381 887 430 906 beati
439 887 582 912 protomartyris
593 887 685 912 Stephani

137 912 238 936 magnifice
251 913 393 937 celebrandum3
407 913 438 937 qui
451 919 518 931 mense
527 913 637 931 Decembris
651 913 685 931 fuit

137 938 160 956 ab
173 937 280 956 bominibus
291 937 354 956 Sancti
364 938 453 956 Germani
464 939 486 957 ad
496 938 555 963 ipsius
565 938 684 963 imperatoris

137 963 228 981 honorem
242 962 342 987 magnifice
356 963 472 988 celebratus,
488 963 514 982 ita
527 964 575 988 quod
590 969 685 988 pauperes

137 988 185 1006 ultra
198 988 311 1013 quingentos
325 989 495 1013 mandueaverunt7
512 991 531 1007 et
548 989 626 1007 saturati
640 991 685 1007 sunt

137 1013 193 1032 nimis
203 1019 252 1038 pane
262 1013 304 1031 vino
315 1016 333 1032 et
342 1014 429 1032 carnibus
439 1014 458 1032 in
467 1014 529 1038 platea
539 1014 618 1039 publica.

173 1039 279 1063 Imperator
287 1041 332 1063 aput
339 1039 460 1062 Syracusiam
469 1039 534 1058 statuit
543 1039 561 1058 in
569 1039 619 1058 curia
627 1045 686 1063 gene-

138 1063 178 1087 rali,
192 1067 212 1082 ut
224 1064 268 1082 nulli
281 1065 349 1083 amodo
363 1064 419 1082 liceat
431 1065 454 1082 de
466 1064 509 1083 filiis
519 1067 538 1083 et
548 1064 621 1083 filiabus
631 1064 686 1088 regni
