769 1252
311 107 331 125 A.
348 108 400 126 1228<
608 107 633 125 69

85 161 131 182 erat:7
145 157 221 182 proponi
232 157 276 175 fecit
285 160 304 175 et
313 157 350 181 legi
360 157 465 182 subscripta
476 157 556 181 capitula
566 157 584 175 in
594 163 634 175 mo-

84 184 128 201 dum
141 183 259 201 testamenti:
273 185 293 200 ut
307 182 392 200 videlicet
405 188 472 200 omnes
482 183 505 200 de
515 188 581 207 regnu⁷
594 185 633 200 tam

84 208 150 233 prelati
160 214 217 232 quam
227 207 297 226 domini
307 210 325 226 et
335 214 401 226 eorum
411 207 478 226 subditi
492 214 566 231 omnes,
580 207 597 225 in
611 213 632 225 ea

85 239 131 258 pace
142 236 160 251 et
169 233 303 257 tranquillitate
311 233 396 251 viverent
404 235 423 250 et
430 235 536 257 manerent,
545 239 581 257 qua
589 238 635 251 esse

85 262 103 277 et
119 259 183 276 vivere
201 258 249 276 soliti
264 261 318 276 erant
331 261 417 282 tempore
432 258 483 282 regis
497 258 591 276 Guilielmi
605 264 633 276 se-

85 284 147 308 cundi,
160 283 225 301 relicto
238 286 281 301 tunc
291 283 344 307 regni
355 283 410 301 ballio
420 283 515 307 Raynaldo
527 284 574 301 duce
588 283 634 307 Spo-

85 309 127 332 leti}
146 311 165 326 et
178 309 194 326 si
208 308 288 326 deficere
305 308 438 332 imperatorem
455 308 583 332 contingeret,
600 308 634 326 sibi

86 334 105 352 in
118 333 197 358 imperio
210 336 228 351 et
241 339 299 357 regno
313 334 424 351 succederet
433 333 525 351 Her-ricus
534 333 583 351 filius
594 333 634 351 eius

86 359 155 382 maior-3
165 360 213 383 quod
223 358 238 376 si
246 358 297 376 illurn
306 359 377 382 absque
385 358 447 377 liberis
456 358 502 376 mori
511 359 634 382 contingeret,

86 384 197 402 Chunradus
209 383 258 402 filius
269 384 309 402 eius
319 383 380 401 minor
389 384 501 402 succederet
510 383 544 407 illi3
559 384 608 408 quod
618 383 634 401 si

86 410 141 427 ambo
158 409 271 427 decederent
284 408 327 427 filiis
341 415 378 426 non
395 409 510 431 extantibus,
527 408 559 426 filii
575 408 634 433 ipsius

86 435 198 459 superstites
214 440 260 458 quos
275 434 297 452 de
311 434 395 458 legitima
410 440 467 452 uxore
482 434 598 458 susceperit,
616 433 634 451 in

87 460 153 478 eodem
167 465 226 483 regno
239 465 273 477 suo
283 460 395 482 succedant3
410 462 428 477 et
440 459 524 483 precipit
538 461 558 477 ut
567 465 634 477 omnes

86 485 173 503 homines
189 484 243 508 regni
259 484 287 502 sui
304 490 340 512 que
356 473 421 502 stat⁷uit
435 485 516 502 debeant
529 484 634 502 iuramento

88 515 175 534 servaret,
193 515 229 533 que
243 512 307 527 tamen
320 509 347 527 sic
360 509 456 527 observari
469 509 574 532 mandavit,
588 510 604 527 si
617 509 635 527 in

87 532 170 560 presenti
188 534 277 558 passagio
295 534 404 552 humanitus
417 534 440 552 de
454 534 495 558 ipso
509 534 577 558 aliquid
593 540 635 552 con-

87 561 175 584 tingeret.
189 559 225 577 nisi
236 559 284 577 aliud
294 562 429 577 testamentum
440 560 462 577 ab
473 565 495 577 eo
506 559 575 577 editum
586 565 635 577 eorn-

87 587 168 613 pareret.
183 585 223 602 Hec
233 590 296 602 coram
306 590 327 602 se
337 584 393 602 iuruii
403 584 447 602 fecit
455 584 559 613 imperator
568 590 578 602 a
588 585 636 602 duce

87 610 171 635 predicto
185 612 204 628 et
214 609 294 628 Henrico
305 610 327 628 tle
337 610 398 628 Murro
408 609 499 634 magistro
509 609 607 628 iustitiario
617 612 636 628 et

87 636 128 654 aliis
142 635 236 653 nonnullis
246 636 269 653 de
279 641 338 659 regno
348 635 378 660 qui
387 635 516 653 interfuerunt,
539 635 636 659 Disposuit

88 661 152 684 etiarn,
166 661 214 685 quod
229 660 290 679 nullus
304 661 327 678 de
341 666 400 684 regno
415 666 448 685 pro
462 661 505 679 data
518 660 548 678 vel
557 661 636 678 collecta

87 686 155 710 aliquid
165 686 224 709 daret7
235 686 271 704 nisi
280 691 314 710 pro
324 685 433 704 utilitatibus
443 686 496 709 regni
507 688 525 703 et
534 685 636 704 necessita-

87 711 137 730 tibus
147 711 248 734 expediret.

126 736 193 753 Mense
209 735 252 753 Maii
270 735 333 753 casale
362 735 442 753 uoddam
460 735 478 752 in
493 735 570 759 Apulia,
588 736 637 759 quod

89 760 207 778 Gau-sianum
221 759 297 783 dicitur⁷
315 759 351 777 Mel
367 759 418 778 ensis
432 760 529 783 dyocesis,
546 761 569 778 ob
583 760 637 784 culpe

89 785 177 803 meritum
188 785 301 809 imperatore
311 785 412 803 mandante
422 785 528 803 destruitur.

127 810 200 828 Domini
208 811 231 828 de
239 810 324 834 Pupplito
332 810 412 828 rebelles
420 810 463 828 facti
472 813 516 828 sunt
523 810 637 835 imperatori.

126 835 206 853 Romani
220 835 268 853 facta
283 835 301 853 in
314 835 425 854 extrinsecis
440 835 567 854 destructione
579 835 637 853 Viter-

89 860 120 884 bii⁷
130 863 148 878 et
157 863 234 885 optento
244 867 278 885 per
285 860 322 878 vim
331 863 393 879 castro
401 861 481 885 quodam
490 861 539 885 quod
547 861 638 884 Rapum>

89 891 159 910 panum
173 885 240 903 dicitur
253 885 299 910 ipsis
311 885 458 904 Viterbiensibus
472 886 556 908 subdito7
569 885 601 903 leti
614 885 637 903 ad

90 911 158 929 Urbem
172 911 260 934 redeunt5
274 911 341 934 quibus
355 910 496 933 recedentibus,
510 910 637 928 Viterbienses

90 936 108 953 in
123 935 194 959 campis
209 938 270 953 castra
283 938 383 960 ponentes7
397 941 433 959 que
443 938 524 960 possunt
532 935 582 953 mala
592 935 637 953 irro-

89 963 135 985 gant
147 960 218 978 circum
227 960 355 978 adiacentibus
366 960 448 978 castellis
458 960 561 979 fautoribus
571 961 638 979 Roma-

77 995 81 999 ·
90 992 162 1004 norum.

128 1011 193 1029 Mense
207 1010 253 1029 lunii
266 1010 368 1035 imperialis
382 1011 475 1029 exercitus
486 1017 543 1036 super
552 1011 638 1029 dominos

90 1036 113 1053 de
121 1036 206 1060 Pupplito
214 1035 270 1060 vadit,
279 1036 346 1060 quibus
354 1035 460 1060 Pupplitum
470 1033 558 1054 auferunt
567 1038 586 1053 et
593 1041 638 1053 non-

75 1082 78 1085 ,
91 1061 141 1079 nullu
151 1061 186 1079 alia
197 1064 263 1079 castra.
