769 1252
84 932 133 946 lumb.

134 120 158 138 5ss
235 119 377 138 RYCCARDUS
390 120 421 138 DE
435 120 453 138 S.
467 120 583 138 GERMANO

172 170 265 188 Honorius
280 176 329 195 papa
346 170 395 188 Urbe
409 170 474 188 exiens
488 173 565 195 propter
579 170 682 188 seditiones

135 198 154 213 et
163 195 211 213 bella
221 201 258 220 que
267 195 285 213 in
296 201 318 213 ea
328 194 374 213 fiunt
384 196 418 213 sub
428 195 514 214 Parentio
524 198 619 220 senatore⁷
633 196 683 220 apud

134 221 196 244 Tybur
203 226 224 238 se
230 220 316 244 contulit,
324 221 346 239 ad
352 226 408 245 quem
414 226 447 245 pro
452 221 540 239 dilatione
545 221 629 245 passagii
637 221 684 245 opti-

135 246 196 264 nenda
206 245 320 270 imperator·
331 245 386 264 mittit
395 252 460 270 regem
468 246 572 270 predictum
581 249 599 264 et
606 246 684 271 patriar-

135 271 199 295 cham3
213 271 243 295 qui
256 274 320 289 tamen
332 272 380 296 apud
394 271 453 289 Reate
462 277 555 300 accepere
564 277 683 296 responsum.

172 296 246 314 Interea
260 296 363 320 imperator
376 302 442 315 omnes
458 302 512 321 regni
527 297 610 321 prelatos
624 297 646 314 ad
662 302 683 315 se

134 322 153 340 in
163 321 249 346 Apuliam
264 324 325 343 vocat,
339 324 358 340 et
367 327 400 340 eos
410 328 524 346 quamquam
534 322 603 340 invitos
612 322 682 340 tamdiu

135 353 201 365 secum
215 347 300 370 detinuit,
313 348 373 365 donec
387 353 421 371 per
433 347 485 372 ipsos
498 353 564 371 regem
578 349 597 365 et
606 347 683 371 patriar-

135 373 191 390 cham
201 372 235 390 sibi
246 378 278 397 pru
289 375 339 390 certo
349 372 435 396 innotuit⁷
445 373 493 396 quod
503 378 514 390 a
524 379 572 397 papa
580 372 683 396 benignum

136 400 248 425 receperant
265 403 379 422 responsum
397 403 455 421 super
471 398 506 415 hiis
522 398 544 416 ad
559 404 595 422 que
609 398 684 416 fuerant

135 422 197 446 miss15
211 422 277 447 quibus
287 423 309 440 ad
320 428 405 440 cesarem
419 423 547 446 redeuntibus,
560 424 582 441 ad
593 423 683 441 Sanctum

135 447 251 466 Germanum
261 448 290 466 22*
300 447 339 465 lulii
353 453 396 465 cum
409 447 437 465 eis
451 453 472 465 se
485 448 563 465 contulit
574 448 683 472 imperator,

135 473 197 497 ibique
210 473 232 491 ad
244 478 287 491 eum
298 472 351 491 missi
361 478 372 490 a
381 478 430 497 papa
440 473 476 490 duo
487 472 563 491 veniunt
572 473 684 496 cardinales,

134 497 222 522 Pelagius
233 498 305 516 seilicet
311 498 423 516 Albanensis
433 498 534 522 episcopus
543 500 561 516 et
569 498 629 516 Gualo
636 498 683 516 tituli

135 523 199 542 Sancti
209 523 281 541 Martini
292 524 391 548 presbyter
400 523 505 541 cardinalis.
529 523 551 541 Et
560 525 604 541 tunc
614 523 632 541 in
642 523 683 548 ipsa

136 548 216 567 ecclesia
229 548 292 567 Sancti
307 548 396 567 Germani
409 548 469 567 dictus
485 548 587 572 imperator
603 548 684 573 capitula

136 574 172 592 hec
185 580 263 592 servare
276 574 352 598 iuravit,
369 573 465 592 videlicet:
483 574 531 598 quod
543 573 587 591 hinc
600 574 622 591 ad
636 574 683 591 duos

136 605 196 617 annos
206 599 224 617 in
233 600 318 623 Augusto
328 599 451 623 complendus
461 599 587 623 personaliter
595 599 684 616 transfre-

135 625 181 643 tabit
192 624 210 642 in
224 624 327 643 subsidium
336 627 387 642 terre
397 627 468 647 sancte,
482 624 544 649 ibique
553 624 624 642 tenebit
633 623 684 642 mille

137 649 205 668 milites
218 655 252 674 per
266 649 361 668 biennium
375 650 397 667 ad
411 649 507 668 servitium
522 655 584 673 suum,
598 652 616 667 et
630 650 685 667 ducet

136 681 202 693 secum
211 677 286 693 centum
295 674 414 698 chelandium,
421 677 440 692 et
445 675 515 693 tenebit
520 674 544 693 ibi
550 674 684 699 quinquaginta

137 700 202 725 galeas
212 701 261 718 bene
270 702 359 718 armatas.
375 699 451 718 lnterim
462 700 512 718 dabit
521 699 630 724 passagium
639 700 684 718 duo-

137 727 171 744 bus
182 725 263 744 millibus
272 725 351 743 militum
362 727 380 743 et
390 725 465 743 familiis
475 726 584 743 eorumdem
598 725 615 742 in
625 725 684 743 tribus

137 751 241 776 passagiis⁷
254 753 273 769 et
287 756 320 775 pro
334 750 393 769 milite
405 750 464 769 tribus
478 750 537 775 equis.
564 751 603 768 Hec
616 753 635 768 et
648 750 684 768 alia

137 776 218 801 capitula
228 776 245 794 in
256 776 297 794 eius
306 775 401 800 presentia
411 775 466 799 lecta,
480 776 599 800 presentibus
611 775 685 800 quibus-

137 802 180 819 dam
189 801 299 819 Alamannie
307 800 427 825 principibus,
437 801 531 819 nonnullis
542 801 598 819 etiam
608 800 685 825 prelatis

138 828 157 844 et
169 826 222 850 regni
237 826 340 849 nobilibus,
358 826 444 850 promisit
459 826 561 851 imperator
577 832 598 844 se
611 825 684 850 publice

138 854 257 873 servaturum
270 852 465 870 excommunicatione
478 851 549 869 adiecta
561 851 579 868 in
590 857 611 869 se
621 853 640 868 et
648 853 685 868 ter-

137 882 177 894 ram
192 882 257 900 suam⁷
272 876 288 894 si
302 876 338 895 hoc
352 882 389 895 non
402 877 457 895 fuerit
470 877 600 898 observatum,
617 878 636 895 et
649 875 685 893 hoc

138 902 200 926 ipsum
206 901 325 925 Raynaldus⁸
332 902 392 920 dictus
401 903 437 921 dux
444 901 515 926 Spoleti
523 901 589 919 iuravit
596 901 614 919 in
623 901 685 919 anima

139 933 178 945 sua.
195 927 260 944 Actum
275 927 358 952 predicto
371 933 438 946 mense
450 926 490 945 lulii
503 926 520 944 in
531 926 579 944 festo
590 926 649 944 sancti
658 926 685 944 la-

139 952 185 970 cobi.
205 952 228 970 Et
236 955 280 970 tunc
290 959 324 977 per
333 953 438 971 cardinales
448 952 500 976 ipsos
510 951 547 969 iam
557 951 617 970 dictus
626 952 685 975 impe—

139 980 190 995 rator
201 983 212 995 a
225 977 337 1002 iuramento,
351 978 399 1003 quod
411 978 459 1002 apud
472 977 551 995 Verulas
565 977 642 1000 fecerat7
655 976 686 994 de-

138 1002 234 1021 nuntiatus
244 1006 274 1021 est
283 1004 385 1022 absolutus.
411 1003 433 1021 Et
443 1009 465 1021 eo
475 1002 562 1021 celeriter
571 1002 589 1019 in
599 1001 685 1026 Apuliam

138 1028 250 1052 recedente,
268 1029 373 1047 cardinales
389 1028 424 1053 ipsi
441 1028 500 1046 Reate
515 1034 536 1046 se
553 1027 575 1045 ad
590 1032 685 1045 summum

138 1053 246 1078 pontificem
256 1054 380 1072 contulerunt.

137 1084 149 1101 ι)
159 1085 218 1099 osmundo
227 1089 267 1099 mauu
276 1089 288 1099 c.
326 1084 339 1102 b)
349 1084 378 1102 Ray
388 1089 399 1098 c.
