769 1252
268 126 289 143 A
304 125 427 144 1233.1234
586 126 620 144 123

73 175 192 193 matrimonia
206 181 249 194 curn
263 175 332 194 exteris
347 178 366 193 et
378 176 492 204 adventitiis,
506 176 537 200 qui
546 176 576 194 vel
586 182 622 200 que

73 207 111 219 non
126 201 163 219 sint
175 201 198 219 de
212 207 280 225 regno.
298 202 369 225 absque
381 201 441 225 ipsius
454 201 532 225 speciali
546 201 623 225 requisi-

73 226 124 244 tione
138 227 226 244 mandato
241 232 275 244 seu
289 232 385 244 consensu
399 233 449 244 curie
459 233 494 245 sue
504 227 623 250 contrahere,

74 251 161 269 videlicet
176 254 195 269 ut
208 256 243 269 nec
257 251 318 276 alique
328 252 351 270 de
361 257 420 276 regno
431 253 502 270 nubere
511 252 623 276 alienigenis

74 277 163 300 audeant7
181 282 217 295 nec
230 276 286 301 aliqui
298 276 447 301 alienigenarum
461 277 510 295 filias
523 278 591 295 ducere
604 278 622 295 in

73 308 149 325 uxores⁷
163 308 213 326 pena
222 302 309 326 apposita
318 302 403 320 omnium
413 308 476 320 rerum
486 308 568 320 suarum.

315 339 383 362 1234.-

111 374 177 392 Mense
190 373 270 392 Ianuarii
283 374 332 398 apud
344 374 453 392 Messanam
467 374 508 398 ipse
521 374 624 398 imperatur

73 405 143 423 regens
158 399 229 417 curiam
241 399 358 423 generalem⁷
372 399 437 417 statuit
450 399 468 417 in
482 402 555 424 septem
569 399 623 423 regni

74 424 158 449 partibus
166 431 200 449 per
207 431 276 442 annum
285 424 386 448 generales
394 425 487 443 nundinas
493 425 622 448 celebrandas⁷

74 450 167 468 mandans
182 453 201 468 ut
217 450 235 468 in
250 450 329 474 singulis
343 450 443 474 provinciis
456 449 475 467 in
488 450 554 474 quibus
569 452 623 467 erunt

74 475 156 493 nundine
173 475 283 499 constitute.
304 475 392 499 quamdiu
410 475 492 493 nundine
511 475 552 499 ipse
570 475 623 493 dura-

74 500 145 523 verint⁷
158 500 220 518 nullus
234 502 328 518 mereator
341 500 372 518 vel
385 500 513 518 ministerialis
527 500 569 518 alibi
579 506 622 518 cum

74 525 168 543 mercibus
179 528 198 543 et
210 526 266 544 rebus
279 525 377 543 venalibus
387 531 443 549 quani
453 525 471 543 in
482 525 522 543 loco
532 525 623 543 nundina-

74 556 115 568 rum
125 550 204 568 inveniri
215 553 317 575 presumat.
342 550 404 568 Prime
418 550 500 568 nundine
514 552 569 568 erunt
578 552 623 574 aput

74 576 192 600 thnoneim,
202 578 221 593 et
230 576 323 593 durabunt
332 581 342 593 s
351 575 401 593 festo
409 575 469 593 sancti
477 575 552 599 Georgii
563 581 623 599 usque

74 602 97 619 ad
111 601 181 619 festum
196 600 309 619 inventionis
324 600 438 625 archangeli.
465 600 552 619 Secunde
568 603 623 618 erunt

74 627 145 651 Capue⁷
159 629 178 644 et
189 627 282 644 durabunt
296 632 307 644 a
320 626 349 644 22.
359 626 414 644 Madii
427 632 487 650 usque
500 627 523 644 ad
536 628 622 644 octavam

74 652 126 670 lunii.
140 651 202 670 Tertie
213 654 267 669 erunt
276 651 355 675 Luem-ii,
365 654 383 670 et
393 652 486 669 durabunt
495 658 505 670 a
515 652 563 670 festu
573 651 623 670 beati

74 676 162 695 Iohannis
172 677 253 701 baptiste
263 683 323 700 usque
332 677 355 695 ad
365 679 407 695 octo
417 677 462 695 dies.
485 677 555 698 Qum-te
568 679 623 695 erunt

74 705 119 726 aput
131 702 207 725 Bai-um,
224 705 243 720 et
255 703 348 720 durabunt
360 708 370 719 a
383 702 432 719 festo
442 702 553 725 Magdalene
564 708 622 726 usque

74 727 97 745 ad
107 727 176 744 festum
186 726 246 744 sancti
253 726 353 744 Laurentiiv
370 726 438 747 Quinte
449 729 504 744 erunt
512 726 595 749 Tarenti,
605 729 624 744 et

74 752 167 769 durabunt
177 757 187 769 a
195 751 244 769 festo
252 751 312 769 sancti
320 750 446 769 Bartholomei
454 757 514 775 usque
523 752 545 769 ad
553 751 623 769 fesium

75 776 176 794 nativitatis
187 777 241 794 beate
250 775 337 800 Virginis.
363 776 421 794 Sexte
431 779 486 794 erunt
495 776 591 800 Cusentie⁷
605 779 624 794 et

74 802 167 819 durabunt
176 808 186 819 a
196 801 245 819 festo
255 801 304 819 beati
311 801 388 819 Matthei
398 807 458 826 usque
466 802 489 820 ad
497 802 566 820 festum
574 801 623 819 beati

73 826 176 850 Dyonisiib.
194 826 279 851 Septime
289 829 343 845 erunt
352 826 413 851 Regii,
424 829 443 845 et
452 827 545 845 durabunt
554 833 564 845 a
574 827 623 845 festo

74 852 135 870 sancti
143 852 193 870 Luce
204 858 263 876 usque
272 852 295 870 ad
306 852 375 870 testum
385 852 469 870 omnium
483 855 590 871 sanctorum
605 852 623 870 in

73 877 162 895 Kalendis
170 877 312 895 Novembribus.
328 877 397 905 Statuit
403 878 460 896 etiam
470 878 514 905 ipse
521 877 624 901 imperator

74 905 119 927 aput
126 903 242 926 Messanam,
251 902 279 920 bis
288 902 306 920 in
314 909 363 920 anno
371 902 389 920 in
397 902 453 920 certis
461 908 514 926 iegni
522 902 622 926 provinciis

74 927 174 952 generales
185 927 246 945 curias
257 927 386 950 celebrandas,
400 927 418 945 in
433 927 499 955 quibus
513 927 575 945 licebit
584 927 623 951 qui—

74 953 155 971 buslibet
164 955 229 970 contra
238 952 349 976 magistrum
359 952 478 970 iustitiarium
488 952 596 971 iustitiarios
605 955 624 971 et

74 983 213 1002 quamcumque
229 977 285 995 aliam
301 983 402 1006 personam
418 983 472 996 suam
486 978 622 1002 querimoniam

74 1003 183 1031 instit-{ieie7
198 1005 218 1021 ut
232 1008 299 1020 omnes
314 1008 368 1021 suam
382 1002 472 1021 iustitiam
487 1006 622 1027 assequantur-3

74 1031 93 1046 et
105 1028 129 1047 ihi
142 1028 177 1046 erit
190 1034 224 1052 pro
237 1030 291 1052 parte
305 1028 428 1057 imperatoris*
439 1028 515 1047 nuntius
528 1028 622 1053 specialis.¹

74 1053 105 1078 qui
122 1054 206 1072 omnium
224 1053 311 1077 querelas
329 1054 347 1072 in
364 1054 439 1078 scriptis
452 1054 535 1078 rediget
554 1056 573 1071 et
589 1059 621 1071 eas

73 1087 86 1105 )
96 1088 131 1101 Mur.
143 1088 182 1101 122³
220 1088 233 1105 i»)
244 1087 290 1105 oyen.
300 1092 311 1101 ι
471 1106 495 1123 9.
