769 1252
294 120 314 138 A.
329 121 381 139 1241.
575 121 610 139 149

65 170 160 188 Benedicti
170 171 192 188 ad
202 172 288 188 ornatum
298 170 328 189 diu
337 172 422 194 steterat⁷
436 173 455 188 et
465 170 501 189 alia
511 170 572 189 tabula
582 176 610 188 ar-

65 198 133 220 gentea
148 195 212 214 altaris
226 196 280 214 beate
293 195 360 219 Marie,
377 198 396 213 et
408 201 468 219 ycona
482 201 524 214 cum
537 195 610 214 smaltis

65 226 102 245 que
115 226 173 245 super
186 221 244 239 altare
259 221 319 239 fuerat
333 220 393 239 sancti
402 220 505 245 Benedicti7
518 223 537 239 et
549 220 610 239 omnis

65 246 112 264 alius
126 246 226 264 thesaurus
239 246 299 270 ipsius
313 245 422 264 monasterii
435 246 454 263 in
470 252 515 264 auro
531 248 610 270 argento

64 271 132 295 pannis
140 271 206 289 sericis
216 273 234 289 et
242 271 333 295 lapidibus
343 271 438 295 pretiosis,
447 277 483 289 neu:
492 277 528 289 non
539 273 558 289 et
566 271 611 289 alia-

65 302 106 314 rum
116 295 240 314 ecclesiarum
249 299 298 314 terre
306 296 365 321 ipsius
373 296 482 314 monasterii
490 296 512 315 ad
520 296 610 315 Sanctum

65 321 180 340 Germanum
188 321 205 339 in
213 321 296 346 predicta
304 321 384 340 ecclesia
392 324 458 339 sancte
463 321 521 339 Marie
527 324 611 345 portatur

65 349 84 364 et
93 346 200 371 deponitur3
214 347 266 365 cuius
276 346 360 365 thesauri
369 346 418 371 capti
428 347 451 365 ab
461 346 547 365 ecelesiis
557 346 611 371 regni

64 378 108 396 pars
118 371 178 396 pretio
187 372 290 395 redimitur⁷
304 374 323 390 et
332 377 375 396 pars
385 371 456 395 reliqua
467 374 512 396 aput
521 371 610 390 Sanctam

64 396 142 415 Mariam
149 397 172 415 de
180 396 242 421 Cripta
251 397 318 415 ferrata
326 397 348 415 ad
359 397 461 421 principem
472 397 584 421 deportatur.

101 421 223 440 prenestinus
240 422 340 446 episcopus
356 424 375 440 et
388 422 440 440 Oddo
455 422 554 440 cardinalis
567 428 610 440 cum

65 447 155 471 magistro
168 447 251 465 Iohanne
261 447 351 465 Toletano
364 448 399 465 sub
412 448 479 465 ducatu
488 447 577 471 Tybboldi
587 447 610 465 de

64 472 163 496 Dragone¹
172 474 217 496 aput
225 472 287 496 Tybur
296 472 393 490 ducuntur.

100 497 166 515 Mense
176 497 292 521 Septembris
302 499 408 515 vastatores
418 500 463 521 aput
472 497 554 515 Insulam
567 503 610 515 con-

64 522 143 546 gregati,
154 523 242 540 mandatu
252 522 323 540 cesar-is
332 522 350 540 in
360 522 436 547 propria
446 525 568 540 revertuntur

101 547 218 572 Imperator-¹
213 553 261 571 ipse,
272 547 341 565 relictis
351 548 400 572 apud
410 547 472 570 Tybur
480 548 515 565 sub
525 547 609 565 custodia

64 578 151 600 ¹suorum„
168 578 215 597 quos
230 573 253 590 ad
269 572 366 590 tuitionem
383 575 401 590 et
417 572 514 590 defensam
530 572 609 590 civitatis

63 597 122 621 ipsius
132 597 239 622 reliquerat
249 597 338 626 episcopo
348 600 367 615 et
375 597 463 615 cardinali
471 597 566 622 predictis⁷
576 603 610 641 [ἰετ

64 623 186 647 Campaniam
200 623 264 641 redit'
260 629 278 641 m
291 629 382 647 regnum;
399 625 418 641 et
431 623 509 641 veniens
523 625 601 647 aputu

64 648 124 666 sulam
134 648 245 672 Solaratam,
259 648 353 667 civitatem
365 654 434 666 novam
447 648 466 666 in
478 648 539 666 fronte
549 648 588 672 Cep
590 654 609 666 e-

64 673 105 691 rani
114 673 197 692 construi
206 673 262 692 iubet
288 674 322 694 Ad
329 673 381 692 cuius
392 673 472 691 civitatis
481 673 609 691 fundationem

64 698 128 716 statuit
141 699 230 717 domnum
243 691 359 722 Ryccardum
376 699 399 716 de
411 698 474 716 Monte
490 698 543 722 nigro
558 701 609 716 terre

62 723 140 741 Laboris
153 723 282 746 iustitiarium,
295 725 314 741 et
326 723 404 741 mandat
417 725 437 741 ut
450 723 537 741 homines
550 723 610 747 Arois,

63 748 126 766 Sancti
134 747 221 766 Iohannis
231 748 254 766 de
261 747 351 771 Inearico,
360 747 423 766 Insule
433 747 495 772 pontis
505 748 581 766 solarati
591 750 609 766 et

63 772 139 791 Pastine
151 772 194 790 illuc
206 772 234 790 ire
247 773 271 791 ad
284 772 405 791 habitandum
419 775 515 797 cogantur.
541 773 610 791 Statuit

63 797 147 822 insuper,
157 801 176 816 ut
185 798 208 816 ad
217 804 265 822 opus
275 797 354 816 civitatis
364 797 449 816 eiusdem
458 797 523 816 venire
532 798 610 817 deberet

63 825 114 841 certa
128 822 221 847 quantitas
234 823 331 841 bominum
344 823 367 841 de
376 823 449 841 abbatia
459 823 565 847 Caainensi,
578 824 609 842 ab-

64 848 112 867 batia
127 848 186 866 sancti
199 848 299 872 Vincentii⁷
317 848 406 867 comitatu
418 848 516 873 Fundam»,
530 848 608 867 Camino

64 876 82 891 et
92 873 180 891 comitatu
189 873 256 892 Molisii
266 879 300 898 per
309 874 438 892 ebdomadam.
464 874 487 892 Et
499 876 544 891 tune
557 876 609 891 recto

63 898 137 917 tramite
163 904 184 916 er
194 898 285 917 Sanctum
294 898 410 917 Germanum
419 898 512 923 Aliphiam
522 901 541 916 et
549 898 609 917 Bene-

63 926 140 942 ventum
152 929 171 941 ιη
180 923 266 948 Apuliam
278 923 335 947 vadit,
349 923 441 942 mandans
453 925 473 941 ut
486 923 569 942 thesauri
579 929 609 942 ec-

63 949 163 967 elesiarum
173 949 195 967 ad
205 948 267 973 ipsum
277 951 322 973 aput
331 948 408 973 Fogiam
417 948 530 966 deferantur.

99 974 165 992 Mense
178 973 264 992 Octobris
277 973 372 997 Gyffridus
385 973 531 992 Mediolanensis
545 974 563 992 in
574 974 608 993 Ce-

62 998 151 1017 lestinum
160 1004 229 1023 papam
239 998 318 1023 eligitur,

99 1024 126 1042 Eo
135 1030 203 1042 mense
212 1023 296 1042 thesauri
306 1023 429 1042 ecclesiarum
438 1026 484 1048 aput
489 1023 567 1048 Fogiam
574 1029 608 1048 per

63 1054 95 1067 eos
105 1049 128 1067 de
138 1049 207 1067 Sancto
217 1049 311 1067 Germano
321 1049 352 1073 qui
362 1054 428 1067 eorum
437 1049 511 1067 fuerant
523 1048 608 1067 custodie

63 1080 74 1097 ι)
84 1080 116 1097 dn}
126 1085 137 1094 c.
147 1080 165 1097 cs.
176 1084 189 1094 a.
200 1080 240 1094 1242.

625 746 631 758 Ι
