769 1252
300 120 320 137 Α.
336 120 389 138 1230.
597 120 620 138 93

72 170 143 188 tulerint
152 175 173 188 ez
181 171 233 193 parte
242 169 324 187 culminis
332 170 395 193 nostri,
407 169 528 187 indubitanter
537 170 620 188 credatis.

73 195 140 213 Datum
149 195 203 218 Foqie
212 196 244 212 erc.

108 220 180 238 Eodem
189 225 255 238 mense
260 219 327 244 Aprilis
333 219 351 237 in
357 219 460 238 Grecorum
465 219 544 244 imperio
550 219 619 238 factum

72 247 101 263 est
113 245 194 269 prelium
208 244 257 263 inter
266 245 345 269 Grecos
358 245 376 263 in
386 251 423 269 quo
433 244 543 264 Commiano
554 247 620 269 captus

72 273 106 294 est,
121 272 141 288 et
150 272 229 294 utroque
238 270 309 288 lumine
318 271 400 288 orbatus.

108 295 176 314 Mense
185 295 241 313 Madii
250 295 361 313 Alamannie
370 295 467 323 principes
477 301 487 313 a
497 301 545 320 papa
556 296 578 314 ad
590 301 619 314 ce-

72 327 135 339 sarem
150 321 236 344 redeunt,
249 320 314 339 relicto
328 320 400 345 Regino
414 320 563 345 aichiepiscopo⁷
577 327 619 339 cum

71 352 107 370 quo
117 346 228 364 Sabinensis
241 346 341 370 episcopus
352 348 370 364 et
379 346 463 364 Thomas
472 345 541 364 Sancte
550 346 619 364 Sabine

71 371 171 389 cardinalis
187 377 221 395 pro
237 371 354 389 absolutione
371 371 490 395 imperatoris
506 371 524 389 in
538 377 619 395 reguum

71 396 154 414 veniunt.
170 396 192 414 Et
199 396 330 421 premittentes
338 396 373 414 ad
369 402 431 420 ipsum
439 396 573 424 imperatorem
581 402 619 414 ma-

70 421 151 445 gistrum
165 422 232 440 domus
246 422 405 445 Alamannorum⁷
423 427 453 446 qui
469 427 546 440 venisse
561 421 619 439 carrli-

71 447 124 465 nales
137 447 244 471 annuntiat
262 447 363 471 ipsumque
375 447 509 471 imperatorem
524 449 544 464 ut
556 447 620 465 veniat

71 478 139 490 versus
152 472 235 500 Capuam
249 472 356 490 accelerare
370 473 447 496 debeat
464 472 570 490 cardinales
583 472 618 496 ipsi

71 502 115 525 cum
125 503 178 521 regni
188 497 272 521 prelatis.
282 497 313 521 qui
321 503 333 515 a
343 497 390 515 facie
398 497 517 521 imperatoris
526 497 618 521 fugerant

72 524 91 539 et
99 521 118 539 in
128 527 207 545 regnum
217 523 252 540 sub
261 528 296 546 spe
305 522 448 546 compositionis
457 522 506 540 inter
518 522 618 540 ecclesiam

71 548 91 564 et
108 546 170 571 ipsum
187 547 290 571 redierant7
310 553 353 565 cum
372 547 443 565 eisdem
460 547 558 571 elegerunt
574 550 619 571 aput

70 571 161 590 Sanctum
171 572 286 590 Germanum
297 572 359 590 fauere
368 572 475 590 stationem.

108 597 160 615 Tunc
169 597 288 621 imperatoris
298 597 350 615 iussu
359 597 430 615 fossata
439 600 457 615 et
464 597 512 615 muri
519 597 576 621 Fogie
584 598 618 616 Ca-

70 621 115 640 salis
130 623 173 640 novi
188 625 207 640 et
219 622 283 641 Sancti
296 622 361 641 Severi
375 622 472 647 replentur
481 625 500 641 et
509 625 618 641 sternuntur

70 648 93 665 ad
101 648 168 666 solum.
186 648 239 670 Quod
248 654 289 666 cum
298 648 343 672 ipsis
352 648 476 666 cardinalibus
484 648 618 672 innotesceret,

70 672 101 696 qui
115 673 213 697 prevenire
227 673 361 698 imperatorem
376 673 484 697 voluerant⁷
502 679 569 692 versus
584 674 618 692 Ca-

69 703 126 722 puam
137 701 268 727 properantes,
277 705 288 716 a
295 699 359 717 Teano
369 699 391 716 ad
401 699 491 717 Sanctum
502 698 616 716 Germanum

70 728 153 747 reversi⁷
167 723 250 747 prelatos
264 729 331 741 omnes
345 726 423 747 excepto
437 724 504 741 abbate
513 723 617 741 Casinense

70 747 131 765 redire
145 748 264 772 Ceperanum
277 748 383 771 iusserunt,
400 751 419 766 et
432 748 467 772 ipsi
482 754 502 766 se
517 754 560 766 mox
574 750 618 766 curn

70 772 153 796 predicto
162 773 266 791 Casinense
276 774 342 791 abbate
352 773 383 797 qui
391 779 424 791 eos
432 775 462 791 est
469 779 479 791 e
488 773 567 797 vestigio
575 774 617 791 sub-

69 800 146 816 secutus
156 798 240 822 Capuam
250 798 374 816 contulerunt.
399 798 433 816 Ubi
446 798 549 822 penultimo
563 798 617 816 Madii

69 823 92 841 ad
101 829 134 841 eos
142 823 220 842 veniens
228 823 337 848 imperator,
347 830 389 842 cum
399 823 479 842 formam
487 829 523 841 non
532 826 617 848 accepta—

69 851 98 866 ret
111 848 220 872 concordie,
238 848 280 873 quia
294 849 383 867 Sanctam
397 849 483 873 Agathen
498 851 516 867 et
530 849 616 867 Gaietam

69 873 150 892 retinere
160 874 235 892 volebat
244 874 331 898 ecclesia,
341 875 452 892 recedentes
461 880 471 892 a
479 874 550 898 Capua5
559 874 616 892 Sues-

68 904 110 916 sam
120 905 142 917 se
151 899 250 917 conferunt
259 899 369 917 cardinales.
388 899 422 917 Ubi
432 905 474 916 cuin
485 898 581 917 Gaietanis
591 899 616 916 lo-

68 927 155 948 quentes⁷
181 930 215 942 uos
225 925 260 943 sub
270 930 337 943 securo
347 925 414 942 ducatu
424 923 496 942 abbatis
506 924 616 948 Casemarii,

68 949 154 974 magistri
168 931 217 967 {etri
232 950 254 967 de
268 950 336 973 Vinea,
355 952 374 967 et
387 949 465 973 Philippi
481 950 504 967 de
520 949 570 967 Citro
586 955 615 967 cu-

68 974 168 993 mestabuli
176 975 240 999 Capue
249 975 272 992 ad
282 980 303 992 se
310 974 375 993 venire
383 974 473 998 fecerant,
483 980 525 992 cum
533 974 584 999 ipsos
592 975 614 993 ad

68 999 187 1024 imperatoris
197 1002 240 1017 vota
249 999 326 1018 flectere
340 999 479 1024 nequivissent,
492 1000 514 1018 ad
524 999 614 1018 Sanctum

68 1025 183 1044 Germanum
194 1025 265 1043 reversi
275 1028 324 1043 sunt*
342 1025 375 1044 Ubi
386 1031 428 1043 cum
438 1025 468 1043 diu
478 1028 530 1044 esset
539 1026 562 1043 de
571 1031 614 1043 cun-

68 1050 130 1068 cordie
140 1050 198 1069 surina
209 1052 315 1074 tractatum,
329 1056 364 1068 nec
375 1053 447 1075 posset,
461 1053 524 1068 actore
533 1049 614 1068 faciente

67 1075 166 1099 discordie,
180 1075 314 1100 consummari7
327 1076 408 1100 oportuit
421 1076 489 1094 iterum
502 1075 614 1099 magistrum
