<?xml version="1.0" encoding="UTF-8"?>
<!DOCTYPE html PUBLIC "-//W3C//DTD XHTML 1.0 Transitional//EN"
    "http://www.w3.org/TR/xhtml1/DTD/xhtml1-transitional.dtd">
<html xmlns="http://www.w3.org/1999/xhtml" xml:lang="en" lang="en">
 <head>
  <title>
</title>
<meta http-equiv="Content-Type" content="text/html;charset=utf-8" />
  <meta name='ocr-system' content='tesseract 3.04.00' />
  <meta name='ocr-capabilities' content='ocr_page ocr_carea ocr_par ocr_line ocrx_word'/>
</head>
<body>
  <div class='ocr_page' id='page_1' title='image "./ryccardidesanct00pertgoog_0092.png"; bbox 0 0 769 1252; ppageno 0'>
   <div class='ocr_carea' id='block_1_1' title="bbox 145 109 594 129">
    <p class='ocr_par' dir='ltr' id='par_1_1' title="bbox 145 109 594 129">
     <span class='ocr_line' id='line_1_1' title="bbox 145 109 594 129; baseline -0.004 0"><span class='ocrx_word' id='word_1_1' title='bbox 145 111 171 129; x_wconf 83' lang='lat'>80</span> <span class='ocrx_word' id='word_1_2' title='bbox 248 109 389 128; x_wconf 75' lang='lat' dir='ltr'><strong>RYCCARDUS</strong></span> <span class='ocrx_word' id='word_1_3' title='bbox 403 110 433 128; x_wconf 81' lang='lat' dir='ltr'>DE</span> <span class='ocrx_word' id='word_1_4' title='bbox 447 109 465 128; x_wconf 82' lang='lat' dir='ltr'>S.</span> <span class='ocrx_word' id='word_1_5' title='bbox 479 109 594 128; x_wconf 81' lang='lat' dir='ltr'><strong>GERMANO</strong></span> 
     </span>
    </p>
   </div>
   <div class='ocr_carea' id='block_1_2' title="bbox 111 159 702 1092">
    <p class='ocr_par' dir='ltr' id='par_1_2' title="bbox 146 159 697 411">
     <span class='ocr_line' id='line_1_2' title="bbox 146 159 696 184; baseline -0.002 -6"><span class='ocrx_word' id='word_1_6' title='bbox 146 160 196 178; x_wconf 73' lang='lat' dir='ltr'>riis³¹</span> <span class='ocrx_word' id='word_1_7' title='bbox 213 160 329 178; x_wconf 83' lang='lat' dir='ltr'>sufficienter</span> <span class='ocrx_word' id='word_1_8' title='bbox 341 160 415 178; x_wconf 77' lang='lat' dir='ltr'>mittere</span> <span class='ocrx_word' id='word_1_9' title='bbox 428 159 553 184; x_wconf 77' lang='lat' dir='ltr'>nequivisset,</span> <span class='ocrx_word' id='word_1_10' title='bbox 571 159 648 184; x_wconf 77' lang='lat' dir='ltr'>quilibet</span> <span class='ocrx_word' id='word_1_11' title='bbox 660 165 696 183; x_wconf 83' lang='lat' dir='ltr'>pro</span> 
     </span>
     <span class='ocr_line' id='line_1_3' title="bbox 147 185 696 209; baseline -0.004 -5"><span class='ocrx_word' id='word_1_12' title='bbox 147 185 234 204; x_wconf 77' lang='lat' dir='ltr'><strong>facultate</strong></span> <span class='ocrx_word' id='word_1_13' title='bbox 244 191 278 203; x_wconf 84' lang='lat' dir='ltr'>sua</span> <span class='ocrx_word' id='word_1_14' title='bbox 287 186 354 203; x_wconf 77' lang='lat' dir='ltr'>barcas</span> <span class='ocrx_word' id='word_1_15' title='bbox 364 185 382 203; x_wconf 86' lang='lat' dir='ltr'>in</span> <span class='ocrx_word' id='word_1_16' title='bbox 392 188 446 209; x_wconf 81' lang='lat' dir='ltr'>portu</span> <span class='ocrx_word' id='word_1_17' title='bbox 453 185 568 203; x_wconf 83' lang='lat' dir='ltr'>Accunitano</span> <span class='ocrx_word' id='word_1_18' title='bbox 577 187 696 203; x_wconf 74' lang='lat' dir='ltr'>oneraverat.</span> 
     </span>
     <span class='ocr_line' id='line_1_4' title="bbox 146 210 696 234; baseline -0.004 -5"><span class='ocrx_word' id='word_1_19' title='bbox 146 211 180 229; x_wconf 87' lang='lat' dir='ltr'>Set</span> <span class='ocrx_word' id='word_1_20' title='bbox 192 213 263 229; x_wconf 77' lang='lat' dir='ltr'>mutato</span> <span class='ocrx_word' id='word_1_21' title='bbox 276 216 321 229; x_wconf 88' lang='lat' dir='ltr'>aere</span> <span class='ocrx_word' id='word_1_22' title='bbox 335 213 354 229; x_wconf 88' lang='lat' dir='ltr'>et</span> <span class='ocrx_word' id='word_1_23' title='bbox 362 211 435 228; x_wconf 77' lang='lat' dir='ltr'>tuibato</span> <span class='ocrx_word' id='word_1_24' title='bbox 445 210 499 234; x_wconf 89' lang='lat' dir='ltr'>mari,</span> <span class='ocrx_word' id='word_1_25' title='bbox 512 212 563 228; x_wconf 86' lang='lat' dir='ltr'>tanta</span> <span class='ocrx_word' id='word_1_26' title='bbox 573 210 634 228; x_wconf 81' lang='lat' dir='ltr'>subito</span> <span class='ocrx_word' id='word_1_27' title='bbox 647 212 696 227; x_wconf 86' lang='lat' dir='ltr'>tem-</span> 
     </span>
     <span class='ocr_line' id='line_1_5' title="bbox 147 234 696 260; baseline -0.004 -6"><span class='ocrx_word' id='word_1_28' title='bbox 147 238 211 260; x_wconf 75' lang='lat' dir='ltr'>pestas</span> <span class='ocrx_word' id='word_1_29' title='bbox 223 235 321 259; x_wconf 78' lang='lat' dir='ltr'>inhorruit,</span> <span class='ocrx_word' id='word_1_30' title='bbox 334 238 355 254; x_wconf 82' lang='lat' dir='ltr'>ut</span> <span class='ocrx_word' id='word_1_31' title='bbox 366 235 450 254; x_wconf 84' lang='lat' dir='ltr'>vascella</span> <span class='ocrx_word' id='word_1_32' title='bbox 462 241 505 253; x_wconf 83' lang='lat' dir='ltr'>cuin</span> <span class='ocrx_word' id='word_1_33' title='bbox 515 235 625 253; x_wconf 75' lang='lat' dir='ltr'>victualibus</span> <span class='ocrx_word' id='word_1_34' title='bbox 635 234 696 252; x_wconf 75' lang='lat' dir='ltr'>nulla-</span> 
     </span>
     <span class='ocr_line' id='line_1_6' title="bbox 146 259 696 285; baseline -0.004 -6"><span class='ocrx_word' id='word_1_35' title='bbox 146 263 202 279; x_wconf 81' lang='lat' dir='ltr'>tenus</span> <span class='ocrx_word' id='word_1_36' title='bbox 215 261 238 279; x_wconf 81' lang='lat' dir='ltr'>ad</span> <span class='ocrx_word' id='word_1_37' title='bbox 252 261 355 279; x_wconf 83' lang='lat' dir='ltr'>exercitum</span> <span class='ocrx_word' id='word_1_38' title='bbox 368 261 412 279; x_wconf 85' lang='lat' dir='ltr'>ferri</span> <span class='ocrx_word' id='word_1_39' title='bbox 425 263 514 285; x_wconf 76' lang='lat' dir='ltr'>possent:</span> <span class='ocrx_word' id='word_1_40' title='bbox 532 263 551 278; x_wconf 89' lang='lat' dir='ltr'>et</span> <span class='ocrx_word' id='word_1_41' title='bbox 566 266 609 278; x_wconf 85' lang='lat' dir='ltr'>cum</span> <span class='ocrx_word' id='word_1_42' title='bbox 625 259 696 278; x_wconf 85' lang='lat' dir='ltr'>Christi</span> 
     </span>
     <span class='ocr_line' id='line_1_7' title="bbox 147 285 697 309; baseline -0.002 -5"><span class='ocrx_word' id='word_1_43' title='bbox 147 286 240 304; x_wconf 73' lang='lat' dir='ltr'>exercitus</span> <span class='ocrx_word' id='word_1_44' title='bbox 253 286 271 304; x_wconf 91' lang='lat' dir='ltr'>in</span> <span class='ocrx_word' id='word_1_45' title='bbox 284 286 343 304; x_wconf 88' lang='lat' dir='ltr'>multa</span> <span class='ocrx_word' id='word_1_46' title='bbox 356 286 450 304; x_wconf 78' lang='lat' dir='ltr'>anxietate</span> <span class='ocrx_word' id='word_1_47' title='bbox 462 288 507 304; x_wconf 86' lang='lat' dir='ltr'>tunc</span> <span class='ocrx_word' id='word_1_48' title='bbox 517 288 575 309; x_wconf 85' lang='lat' dir='ltr'>esset</span> <span class='ocrx_word' id='word_1_49' title='bbox 589 285 628 303; x_wconf 80' lang='lat' dir='ltr'>fere</span> <span class='ocrx_word' id='word_1_50' title='bbox 637 291 697 303; x_wconf 83' lang='lat' dir='ltr'>omne</span> 
     </span>
     <span class='ocr_line' id='line_1_8' title="bbox 148 311 697 339; baseline -0.004 -9"><span class='ocrx_word' id='word_1_51' title='bbox 148 311 247 330; x_wconf 77' lang='lat' dir='ltr'>consilium</span> <span class='ocrx_word' id='word_1_52' title='bbox 255 312 348 330; x_wconf 81' lang='lat' dir='ltr'>exercitus</span> <span class='ocrx_word' id='word_1_53' title='bbox 355 311 393 330; x_wconf 90' lang='lat' dir='ltr'>iam</span> <span class='ocrx_word' id='word_1_54' title='bbox 401 311 543 339; x_wconf 80' lang='lat' dir='ltr'>desperabiliter</span> <span class='ocrx_word' id='word_1_55' title='bbox 548 313 697 334; x_wconf 81' lang='lat' dir='ltr'>murmurantes</span> 
     </span>
     <span class='ocr_line' id='line_1_9' title="bbox 147 336 697 364; baseline -0.004 -9"><span class='ocrx_word' id='word_1_56' title='bbox 147 337 173 355; x_wconf 91' lang='lat' dir='ltr'>nil</span> <span class='ocrx_word' id='word_1_57' title='bbox 182 337 230 355; x_wconf 90' lang='lat' dir='ltr'>aliud</span> <span class='ocrx_word' id='word_1_58' title='bbox 241 343 344 361; x_wconf 74' lang='lat' dir='ltr'>superesse</span> <span class='ocrx_word' id='word_1_59' title='bbox 353 337 448 361; x_wconf 85' lang='lat' dir='ltr'>videbant,</span> <span class='ocrx_word' id='word_1_60' title='bbox 460 342 517 364; x_wconf 85' lang='lat' dir='ltr'>quam</span> <span class='ocrx_word' id='word_1_61' title='bbox 526 342 545 354; x_wconf 86' lang='lat' dir='ltr'>in</span> <span class='ocrx_word' id='word_1_62' title='bbox 555 336 607 354; x_wconf 78' lang='lat' dir='ltr'>Acon</span> <span class='ocrx_word' id='word_1_63' title='bbox 616 336 697 354; x_wconf 86' lang='lat' dir='ltr'>redeun-</span> 
     </span>
     <span class='ocr_line' id='line_1_10' title="bbox 147 360 697 386; baseline -0.002 -6"><span class='ocrx_word' id='word_1_64' title='bbox 147 362 197 380; x_wconf 83' lang='lat' dir='ltr'>durn</span> <span class='ocrx_word' id='word_1_65' title='bbox 224 362 260 384; x_wconf 79' lang='lat' dir='ltr'>Qui</span> <span class='ocrx_word' id='word_1_66' title='bbox 272 362 330 380; x_wconf 88' lang='lat' dir='ltr'>dum</span> <span class='ocrx_word' id='word_1_67' title='bbox 325 368 344 380; x_wconf 86' lang='lat' dir='ltr'>in</span> <span class='ocrx_word' id='word_1_68' title='bbox 353 362 385 380; x_wconf 83' lang='lat' dir='ltr'>tali</span> <span class='ocrx_word' id='word_1_69' title='bbox 395 364 460 380; x_wconf 81' lang='lat' dir='ltr'>essent</span> <span class='ocrx_word' id='word_1_70' title='bbox 469 361 576 380; x_wconf 80' lang='lat' dir='ltr'>discrimine</span> <span class='ocrx_word' id='word_1_71' title='bbox 586 361 648 386; x_wconf 69' lang='lat' dir='ltr'>positi,</span> <span class='ocrx_word' id='word_1_72' title='bbox 662 360 697 379; x_wconf 89' lang='lat' dir='ltr'>mi-</span> 
     </span>
     <span class='ocr_line' id='line_1_11' title="bbox 148 386 697 414; baseline -0.002 -9"><span class='ocrx_word' id='word_1_73' title='bbox 148 387 229 405; x_wconf 77' lang='lat' dir='ltr'>sericors</span> <span class='ocrx_word' id='word_1_74' title='bbox 242 390 261 405; x_wconf 87' lang='lat' dir='ltr'>et</span> <span class='ocrx_word' id='word_1_75' title='bbox 273 387 374 405; x_wconf 74' lang='lat' dir='ltr'>miserator</span> <span class='ocrx_word' id='word_1_76' title='bbox 384 387 483 411; x_wconf 68' lang='lat' dir='ltr'>Dominus,</span> <span class='ocrx_word' id='word_1_77' title='bbox 496 387 527 411; x_wconf 88' lang='lat' dir='ltr'>qui</span> <span class='ocrx_word' id='word_1_78' title='bbox 539 386 584 404; x_wconf 84' lang='lat' dir='ltr'>facit</span> <span class='ocrx_word' id='word_1_79' title='bbox 596 388 640 414; x_wconf 57' lang='lat' dir='ltr'>pest</span> <span class='ocrx_word' id='word_1_80' title='bbox 648 388 697 404; x_wconf 85' lang='lat' dir='ltr'>tem-</span> 
     </span>
    </p>

    <p class='ocr_par' dir='ltr' id='par_1_3' title="bbox 111 412 702 1092">
     <span class='ocr_line' id='line_1_12' title="bbox 111 412 697 441; baseline -0.002 -11"><span class='ocrx_word' id='word_1_81' title='bbox 111 417 127 428; x_wconf 76' lang='grc' dir='ltr'>το</span> <span class='ocrx_word' id='word_1_82' title='bbox 128 417 139 428; x_wconf 69' lang='lat' dir='ltr'>b</span> <span class='ocrx_word' id='word_1_83' title='bbox 147 415 241 441; x_wconf 80' lang='lat' dir='ltr'>pestatem</span> <span class='ocrx_word' id='word_1_84' title='bbox 251 412 372 437; x_wconf 81' lang='lat' dir='ltr'>tranquillum</span> <span class='ocrx_word' id='word_1_85' title='bbox 382 415 401 430; x_wconf 88' lang='lat' dir='ltr'>et</span> <span class='ocrx_word' id='word_1_86' title='bbox 410 418 469 437; x_wconf 64' lang='lat' dir='ltr'>prope</span> <span class='ocrx_word' id='word_1_87' title='bbox 477 414 506 430; x_wconf 83' lang='lat' dir='ltr'>est</span> <span class='ocrx_word' id='word_1_88' title='bbox 513 412 612 430; x_wconf 85' lang='lat' dir='ltr'>omnibus</span> <span class='ocrx_word' id='word_1_89' title='bbox 607 417 697 429; x_wconf 78' lang='lat' dir='ltr'>invocan-</span> 
     </span>
     <span class='ocr_line' id='line_1_13' title="bbox 147 436 697 461; baseline 0 -6"><span class='ocrx_word' id='word_1_90' title='bbox 147 436 196 455; x_wconf 75' lang='lat' dir='ltr'>tibu‘s</span> <span class='ocrx_word' id='word_1_91' title='bbox 213 443 283 461; x_wconf 75' lang='lat' dir='ltr'>ipsum⁷</span> <span class='ocrx_word' id='word_1_92' title='bbox 302 440 390 455; x_wconf 78' lang='lat' dir='ltr'>serenato</span> <span class='ocrx_word' id='word_1_93' title='bbox 406 443 449 455; x_wconf 86' lang='lat' dir='ltr'>mox</span> <span class='ocrx_word' id='word_1_94' title='bbox 463 443 518 461; x_wconf 82' lang='lat' dir='ltr'>aere.</span> <span class='ocrx_word' id='word_1_95' title='bbox 535 443 588 455; x_wconf 79' lang='lat' dir='ltr'>mare</span> <span class='ocrx_word' id='word_1_96' title='bbox 603 436 697 455; x_wconf 78' lang='lat' dir='ltr'>tumidum</span> 
     </span>
     <span class='ocr_line' id='line_1_14' title="bbox 147 461 697 491; baseline -0.002 -11"><span class='ocrx_word' id='word_1_97' title='bbox 147 462 228 487; x_wconf 73' lang='lat' dir='ltr'>pacavit⁷</span> <span class='ocrx_word' id='word_1_98' title='bbox 235 465 324 491; x_wconf 83' lang='lat' dir='ltr'>tantaque</span> <span class='ocrx_word' id='word_1_99' title='bbox 332 462 407 481; x_wconf 83' lang='lat' dir='ltr'>navium</span> <span class='ocrx_word' id='word_1_100' title='bbox 413 465 431 480; x_wconf 88' lang='lat' dir='ltr'>et</span> <span class='ocrx_word' id='word_1_101' title='bbox 437 463 535 481; x_wconf 80' lang='lat' dir='ltr'>barcarum</span> <span class='ocrx_word' id='word_1_102' title='bbox 542 462 638 480; x_wconf 78' lang='lat' dir='ltr'>multitudo</span> <span class='ocrx_word' id='word_1_103' title='bbox 644 461 697 479; x_wconf 83' lang='lat' dir='ltr'>venit</span> 
     </span>
     <span class='ocr_line' id='line_1_15' title="bbox 148 487 697 512; baseline -0.002 -7"><span class='ocrx_word' id='word_1_104' title='bbox 148 488 226 512; x_wconf 73' lang='lat' dir='ltr'>loppen,</span> <span class='ocrx_word' id='word_1_105' title='bbox 239 490 259 505; x_wconf 89' lang='lat' dir='ltr'>ut</span> <span class='ocrx_word' id='word_1_106' title='bbox 271 487 333 506; x_wconf 88' lang='lat' dir='ltr'>omnis</span> <span class='ocrx_word' id='word_1_107' title='bbox 346 488 431 506; x_wconf 84' lang='lat' dir='ltr'>defectus</span> <span class='ocrx_word' id='word_1_108' title='bbox 443 487 495 512; x_wconf 80' lang='lat' dir='ltr'>prius</span> <span class='ocrx_word' id='word_1_109' title='bbox 504 487 593 505; x_wconf 83' lang='lat' dir='ltr'>habitus</span> <span class='ocrx_word' id='word_1_110' title='bbox 588 493 607 505; x_wconf 87' lang='lat' dir='ltr'>m</span> <span class='ocrx_word' id='word_1_111' title='bbox 617 487 697 511; x_wconf 80' lang='lat' dir='ltr'>plenitu-</span> 
     </span>
     <span class='ocr_line' id='line_1_16' title="bbox 148 512 697 531; baseline -0.002 0"><span class='ocrx_word' id='word_1_112' title='bbox 148 513 211 531; x_wconf 88' lang='lat' dir='ltr'>dinem</span> <span class='ocrx_word' id='word_1_113' title='bbox 221 513 305 531; x_wconf 84' lang='lat' dir='ltr'>omniurn</span> <span class='ocrx_word' id='word_1_114' title='bbox 314 513 466 531; x_wconf 81' lang='lat' dir='ltr'>necessariorum</span> <span class='ocrx_word' id='word_1_115' title='bbox 477 515 495 531; x_wconf 85' lang='lat' dir='ltr'>et</span> <span class='ocrx_word' id='word_1_116' title='bbox 502 512 649 531; x_wconf 76' lang='lat' dir='ltr'>habundantiam</span> <span class='ocrx_word' id='word_1_117' title='bbox 656 518 697 530; x_wconf 88' lang='lat' dir='ltr'>mu-</span> 
     </span>
     <span class='ocr_line' id='line_1_17' title="bbox 149 537 697 563; baseline -0.002 -7"><span class='ocrx_word' id='word_1_118' title='bbox 149 541 225 556; x_wconf 78' lang='lat' dir='ltr'>taretur.</span> <span class='ocrx_word' id='word_1_119' title='bbox 251 538 278 556; x_wconf 84' lang='lat' dir='ltr'>Ab</span> <span class='ocrx_word' id='word_1_120' title='bbox 288 538 318 556; x_wconf 87' lang='lat' dir='ltr'>illo</span> <span class='ocrx_word' id='word_1_121' title='bbox 328 540 413 563; x_wconf 83' lang='lat' dir='ltr'>tempore</span> <span class='ocrx_word' id='word_1_122' title='bbox 423 538 501 556; x_wconf 86' lang='lat' dir='ltr'>ulterius</span> <span class='ocrx_word' id='word_1_123' title='bbox 510 540 582 556; x_wconf 88' lang='lat' dir='ltr'>tantam</span> <span class='ocrx_word' id='word_1_124' title='bbox 592 537 636 556; x_wconf 80' lang='lat' dir='ltr'>feeit</span> <span class='ocrx_word' id='word_1_125' title='bbox 645 537 697 555; x_wconf 84' lang='lat' dir='ltr'>Deus</span> 
     </span>
     <span class='ocr_line' id='line_1_18' title="bbox 149 562 698 588; baseline -0.002 -7"><span class='ocrx_word' id='word_1_126' title='bbox 149 563 198 581; x_wconf 82' lang='lat' dir='ltr'>aeris</span> <span class='ocrx_word' id='word_1_127' title='bbox 206 563 325 588; x_wconf 76' lang='lat' dir='ltr'>temperiem,</span> <span class='ocrx_word' id='word_1_128' title='bbox 332 566 352 582; x_wconf 89' lang='lat' dir='ltr'>ut</span> <span class='ocrx_word' id='word_1_129' title='bbox 359 563 488 582; x_wconf 81' lang='lat' dir='ltr'>indifferenter</span> <span class='ocrx_word' id='word_1_130' title='bbox 496 565 514 581; x_wconf 88' lang='lat' dir='ltr'>et</span> <span class='ocrx_word' id='word_1_131' title='bbox 519 569 588 587; x_wconf 73' lang='lat' dir='ltr'>magna</span> <span class='ocrx_word' id='word_1_132' title='bbox 595 565 613 581; x_wconf 90' lang='lat' dir='ltr'>et</span> <span class='ocrx_word' id='word_1_133' title='bbox 619 562 698 580; x_wconf 88' lang='lat' dir='ltr'>minima</span> 
     </span>
     <span class='ocr_line' id='line_1_19' title="bbox 149 587 698 613; baseline -0.002 -7"><span class='ocrx_word' id='word_1_134' title='bbox 149 589 231 606; x_wconf 78' lang='lat' dir='ltr'>vascella</span> <span class='ocrx_word' id='word_1_135' title='bbox 241 589 289 607; x_wconf 84' lang='lat' dir='ltr'>irent</span> <span class='ocrx_word' id='word_1_136' title='bbox 303 592 321 607; x_wconf 75' lang='lat' dir='ltr'>et</span> <span class='ocrx_word' id='word_1_137' title='bbox 334 589 417 607; x_wconf 75' lang='lat' dir='ltr'>redirent</span> <span class='ocrx_word' id='word_1_138' title='bbox 426 595 460 613; x_wconf 87' lang='lat' dir='ltr'>per</span> <span class='ocrx_word' id='word_1_139' title='bbox 469 594 529 612; x_wconf 74' lang='lat' dir='ltr'>mare⁷</span> <span class='ocrx_word' id='word_1_140' title='bbox 541 588 567 606; x_wconf 80' lang='lat' dir='ltr'>ita</span> <span class='ocrx_word' id='word_1_141' title='bbox 577 589 625 612; x_wconf 85' lang='lat' dir='ltr'>quod</span> <span class='ocrx_word' id='word_1_142' title='bbox 635 587 698 606; x_wconf 75' lang='lat' dir='ltr'>omnis</span> 
     </span>
     <span class='ocr_line' id='line_1_20' title="bbox 149 612 698 638; baseline -0.002 -6"><span class='ocrx_word' id='word_1_143' title='bbox 149 614 203 638; x_wconf 74' lang='lat' dir='ltr'>eopia</span> <span class='ocrx_word' id='word_1_144' title='bbox 220 614 370 632; x_wconf 79' lang='lat' dir='ltr'>necessaliorum</span> <span class='ocrx_word' id='word_1_145' title='bbox 386 614 405 632; x_wconf 89' lang='lat' dir='ltr'>in</span> <span class='ocrx_word' id='word_1_146' title='bbox 420 616 471 632; x_wconf 88' lang='lat' dir='ltr'>terra</span> <span class='ocrx_word' id='word_1_147' title='bbox 487 620 564 638; x_wconf 84' lang='lat' dir='ltr'>semper</span> <span class='ocrx_word' id='word_1_148' title='bbox 582 616 611 631; x_wconf 82' lang='lat' dir='ltr'>est</span> <span class='ocrx_word' id='word_1_149' title='bbox 629 612 698 631; x_wconf 79' lang='lat' dir='ltr'>habita.</span> 
     </span>
     <span class='ocr_line' id='line_1_21' title="bbox 150 637 698 663; baseline -0.002 -7"><span class='ocrx_word' id='word_1_150' title='bbox 150 639 202 657; x_wconf 92' lang='lat' dir='ltr'>Tunc</span> <span class='ocrx_word' id='word_1_151' title='bbox 209 640 232 657; x_wconf 83' lang='lat' dir='ltr'>de</span> <span class='ocrx_word' id='word_1_152' title='bbox 240 639 334 657; x_wconf 81' lang='lat' dir='ltr'>communi</span> <span class='ocrx_word' id='word_1_153' title='bbox 342 639 426 657; x_wconf 87' lang='lat' dir='ltr'>omnium</span> <span class='ocrx_word' id='word_1_154' title='bbox 433 639 510 657; x_wconf 79' lang='lat' dir='ltr'>consilio</span> <span class='ocrx_word' id='word_1_155' title='bbox 516 641 570 663; x_wconf 80' lang='lat' dir='ltr'>cepta</span> <span class='ocrx_word' id='word_1_156' title='bbox 576 641 619 657; x_wconf 88' lang='lat' dir='ltr'>sunt</span> <span class='ocrx_word' id='word_1_157' title='bbox 625 637 698 656; x_wconf 78' lang='lat' dir='ltr'>edificia</span> 
     </span>
     <span class='ocr_line' id='line_1_22' title="bbox 150 663 699 688; baseline 0 -6"><span class='ocrx_word' id='word_1_158' title='bbox 150 664 207 682; x_wconf 83' lang='lat' dir='ltr'>castri</span> <span class='ocrx_word' id='word_1_159' title='bbox 214 664 298 688; x_wconf 84' lang='lat' dir='ltr'>Ioppen&#39;</span> <span class='ocrx_word' id='word_1_160' title='bbox 294 670 313 682; x_wconf 87' lang='lat' dir='ltr'>in</span> <span class='ocrx_word' id='word_1_161' title='bbox 320 664 397 682; x_wconf 76' lang='lat' dir='ltr'>fossatis</span> <span class='ocrx_word' id='word_1_162' title='bbox 404 667 423 682; x_wconf 83' lang='lat' dir='ltr'>et</span> <span class='ocrx_word' id='word_1_163' title='bbox 430 664 488 682; x_wconf 86' lang='lat' dir='ltr'>muris</span> <span class='ocrx_word' id='word_1_164' title='bbox 496 664 597 688; x_wconf 73' lang='lat' dir='ltr'>erigendis,</span> <span class='ocrx_word' id='word_1_165' title='bbox 607 664 655 688; x_wconf 88' lang='lat' dir='ltr'>quod</span> <span class='ocrx_word' id='word_1_166' title='bbox 663 663 699 681; x_wconf 78' lang='lat' dir='ltr'>erit</span> 
     </span>
     <span class='ocr_line' id='line_1_23' title="bbox 150 688 698 713; baseline -0.002 -6"><span class='ocrx_word' id='word_1_167' title='bbox 150 689 274 707; x_wconf 75' lang='lat' dir='ltr'>memoriale·</span> <span class='ocrx_word' id='word_1_168' title='bbox 270 695 287 707; x_wconf 87' lang='lat' dir='ltr'>in</span> <span class='ocrx_word' id='word_1_169' title='bbox 298 695 354 707; x_wconf 89' lang='lat' dir='ltr'>evum</span> <span class='ocrx_word' id='word_1_170' title='bbox 364 689 414 707; x_wconf 88' lang='lat' dir='ltr'>omni</span> <span class='ocrx_word' id='word_1_171' title='bbox 425 689 561 713; x_wconf 76' lang='lat' dir='ltr'>christianitati,</span> <span class='ocrx_word' id='word_1_172' title='bbox 570 689 613 713; x_wconf 86' lang='lat' dir='ltr'>quia</span> <span class='ocrx_word' id='word_1_173' title='bbox 623 694 657 713; x_wconf 83' lang='lat' dir='ltr'>per</span> <span class='ocrx_word' id='word_1_174' title='bbox 663 688 698 706; x_wconf 91' lang='lat' dir='ltr'>Dei</span> 
     </span>
     <span class='ocr_line' id='line_1_24' title="bbox 151 714 699 739; baseline -0.002 -7"><span class='ocrx_word' id='word_1_175' title='bbox 151 714 231 739; x_wconf 74' lang='lat' dir='ltr'>gratiam</span> <span class='ocrx_word' id='word_1_176' title='bbox 245 720 267 733; x_wconf 85' lang='lat' dir='ltr'>ex</span> <span class='ocrx_word' id='word_1_177' title='bbox 280 714 337 733; x_wconf 86' lang='lat' dir='ltr'>nimia</span> <span class='ocrx_word' id='word_1_178' title='bbox 350 714 451 733; x_wconf 82' lang='lat' dir='ltr'>devotione</span> <span class='ocrx_word' id='word_1_179' title='bbox 463 717 482 733; x_wconf 89' lang='lat' dir='ltr'>et</span> <span class='ocrx_word' id='word_1_180' title='bbox 494 714 563 732; x_wconf 80' lang='lat' dir='ltr'>affectu</span> <span class='ocrx_word' id='word_1_181' title='bbox 573 720 630 739; x_wconf 84' lang='lat' dir='ltr'>quem</span> <span class='ocrx_word' id='word_1_182' title='bbox 639 714 699 737; x_wconf 82' lang='lat' dir='ltr'>irnpe—</span> 
     </span>
     <span class='ocr_line' id='line_1_25' title="bbox 151 739 699 764; baseline 0 -7"><span class='ocrx_word' id='word_1_183' title='bbox 151 742 202 758; x_wconf 83' lang='lat' dir='ltr'>rator</span> <span class='ocrx_word' id='word_1_184' title='bbox 216 743 234 758; x_wconf 83' lang='lat' dir='ltr'>et</span> <span class='ocrx_word' id='word_1_185' title='bbox 248 740 310 758; x_wconf 77' lang='lat' dir='ltr'>omnis</span> <span class='ocrx_word' id='word_1_186' title='bbox 323 740 403 764; x_wconf 81' lang='lat' dir='ltr'>populus</span> <span class='ocrx_word' id='word_1_187' title='bbox 417 740 466 758; x_wconf 76' lang='lat' dir='ltr'>circa</span> <span class='ocrx_word' id='word_1_188' title='bbox 481 740 531 758; x_wconf 87' lang='lat' dir='ltr'>idem</span> <span class='ocrx_word' id='word_1_189' title='bbox 547 745 595 764; x_wconf 86' lang='lat' dir='ltr'>opus</span> <span class='ocrx_word' id='word_1_190' title='bbox 611 739 699 762; x_wconf 74' lang='lat' dir='ltr'>habebat,</span> 
     </span>
     <span class='ocr_line' id='line_1_26' title="bbox 152 764 699 788; baseline -0.002 -5"><span class='ocrx_word' id='word_1_191' title='bbox 152 768 170 783; x_wconf 84' lang='lat' dir='ltr'>et</span> <span class='ocrx_word' id='word_1_192' title='bbox 182 765 278 783; x_wconf 74' lang='lat' dir='ltr'>laborabat</span> <span class='ocrx_word' id='word_1_193' title='bbox 290 765 410 784; x_wconf 78' lang='lat' dir='ltr'>incessantei</span> <span class='ocrx_word' id='word_1_194' title='bbox 422 768 461 783; x_wconf 88' lang='lat' dir='ltr'>tota</span> <span class='ocrx_word' id='word_1_195' title='bbox 475 765 513 788; x_wconf 76' lang='lat' dir='ltr'>die,</span> <span class='ocrx_word' id='word_1_196' title='bbox 527 767 571 783; x_wconf 78' lang='lat' dir='ltr'>ante</span> <span class='ocrx_word' id='word_1_197' title='bbox 585 764 699 782; x_wconf 85' lang='lat' dir='ltr'>dominicam</span> 
     </span>
     <span class='ocr_line' id='line_1_27' title="bbox 152 790 699 818; baseline -0.002 -10"><span class='ocrx_word' id='word_1_198' title='bbox 152 793 208 818; x_wconf 79' lang='lat' dir='ltr'>caput</span> <span class='ocrx_word' id='word_1_199' title='bbox 215 791 359 818; x_wconf 78' lang='lat' dir='ltr'>quadragesime</span> <span class='ocrx_word' id='word_1_200' title='bbox 366 797 427 815; x_wconf 86' lang='lat' dir='ltr'>usque</span> <span class='ocrx_word' id='word_1_201' title='bbox 435 791 482 808; x_wconf 86' lang='lat' dir='ltr'>adeo</span> <span class='ocrx_word' id='word_1_202' title='bbox 490 790 524 808; x_wconf 76' lang='lat' dir='ltr'>ruit</span> <span class='ocrx_word' id='word_1_203' title='bbox 529 792 642 818; x_wconf 79' lang='lat' dir='ltr'>promotum,</span> <span class='ocrx_word' id='word_1_204' title='bbox 650 790 699 813; x_wconf 84' lang='lat' dir='ltr'>quod</span> 
     </span>
     <span class='ocr_line' id='line_1_28' title="bbox 152 815 699 840; baseline -0.002 -7"><span class='ocrx_word' id='word_1_205' title='bbox 152 821 162 833; x_wconf 70' lang='lat' dir='ltr'>a</span> <span class='ocrx_word' id='word_1_206' title='bbox 177 815 267 840; x_wconf 71' lang='lat' dir='ltr'>plincipio</span> <span class='ocrx_word' id='word_1_207' title='bbox 281 821 316 834; x_wconf 84' lang='lat' dir='ltr'>sue</span> <span class='ocrx_word' id='word_1_208' title='bbox 329 815 454 834; x_wconf 70' lang='lat' dir='ltr'>inchoationis</span> <span class='ocrx_word' id='word_1_209' title='bbox 467 821 562 839; x_wconf 82' lang='lat' dir='ltr'>nunquam</span> <span class='ocrx_word' id='word_1_210' title='bbox 578 815 637 833; x_wconf 85' lang='lat' dir='ltr'>extitit</span> <span class='ocrx_word' id='word_1_211' title='bbox 651 815 699 832; x_wconf 83' lang='lat' dir='ltr'>adeo</span> 
     </span>
     <span class='ocr_line' id='line_1_29' title="bbox 153 839 699 859; baseline -0.002 -1"><span class='ocrx_word' id='word_1_212' title='bbox 153 840 200 858; x_wconf 79' lang='lat' dir='ltr'>forte</span> <span class='ocrx_word' id='word_1_213' title='bbox 210 843 229 858; x_wconf 84' lang='lat' dir='ltr'>et</span> <span class='ocrx_word' id='word_1_214' title='bbox 239 841 286 858; x_wconf 80' lang='lat' dir='ltr'>bene</span> <span class='ocrx_word' id='word_1_215' title='bbox 296 840 372 859; x_wconf 79' lang='lat' dir='ltr'>factum</span> <span class='ocrx_word' id='word_1_216' title='bbox 388 841 461 859; x_wconf 86' lang='lat' dir='ltr'>Interea</span> <span class='ocrx_word' id='word_1_217' title='bbox 471 846 516 858; x_wconf 86' lang='lat' dir='ltr'>vero</span> <span class='ocrx_word' id='word_1_218' title='bbox 525 841 569 858; x_wconf 91' lang='lat' dir='ltr'>dum</span> <span class='ocrx_word' id='word_1_219' title='bbox 577 840 613 858; x_wconf 86' lang='lat' dir='ltr'>hec</span> <span class='ocrx_word' id='word_1_220' title='bbox 620 839 699 858; x_wconf 81' lang='lat' dir='ltr'>sollicite</span> 
     </span>
     <span class='ocr_line' id='line_1_30' title="bbox 152 865 701 894; baseline 0 -11"><span class='ocrx_word' id='word_1_221' title='bbox 152 868 261 894; x_wconf 76' lang='lat' dir='ltr'>agerentur,</span> <span class='ocrx_word' id='word_1_222' title='bbox 271 865 329 883; x_wconf 86' lang='lat' dir='ltr'>nuntii</span> <span class='ocrx_word' id='word_1_223' title='bbox 339 866 411 884; x_wconf 89' lang='lat' dir='ltr'>soldani</span> <span class='ocrx_word' id='word_1_224' title='bbox 420 868 438 883; x_wconf 85' lang='lat' dir='ltr'>et</span> <span class='ocrx_word' id='word_1_225' title='bbox 445 865 564 890; x_wconf 78' lang='lat' dir='ltr'>imperator-is</span> <span class='ocrx_word' id='word_1_226' title='bbox 571 865 701 883; x_wconf 78' lang='lat' dir='ltr'>indifferenter</span> 
     </span>
     <span class='ocr_line' id='line_1_31' title="bbox 153 890 700 915; baseline -0.002 -6"><span class='ocrx_word' id='word_1_227' title='bbox 153 891 204 909; x_wconf 85' lang='lat' dir='ltr'>ibant</span> <span class='ocrx_word' id='word_1_228' title='bbox 213 890 257 909; x_wconf 84' lang='lat' dir='ltr'>hinc</span> <span class='ocrx_word' id='word_1_229' title='bbox 266 891 316 915; x_wconf 70' lang='lat' dir='ltr'>inde,</span> <span class='ocrx_word' id='word_1_230' title='bbox 329 893 432 909; x_wconf 82' lang='lat' dir='ltr'>tractantes</span> <span class='ocrx_word' id='word_1_231' title='bbox 442 892 465 909; x_wconf 83' lang='lat' dir='ltr'>de</span> <span class='ocrx_word' id='word_1_232' title='bbox 475 891 523 909; x_wconf 87' lang='lat' dir='ltr'>bono</span> <span class='ocrx_word' id='word_1_233' title='bbox 532 890 584 915; x_wconf 83' lang='lat' dir='ltr'>pacis</span> <span class='ocrx_word' id='word_1_234' title='bbox 594 893 613 909; x_wconf 88' lang='lat' dir='ltr'>et</span> <span class='ocrx_word' id='word_1_235' title='bbox 624 896 700 909; x_wconf 87' lang='lat' dir='ltr'>concor-</span> 
     </span>
     <span class='ocr_line' id='line_1_32' title="bbox 153 916 700 940; baseline -0.002 -6"><span class='ocrx_word' id='word_1_236' title='bbox 153 916 188 934; x_wconf 85' lang='lat' dir='ltr'>die.</span> <span class='ocrx_word' id='word_1_237' title='bbox 213 916 306 934; x_wconf 82' lang='lat' dir='ltr'>Soldanus</span> <span class='ocrx_word' id='word_1_238' title='bbox 318 922 363 934; x_wconf 85' lang='lat' dir='ltr'>vero</span> <span class='ocrx_word' id='word_1_239' title='bbox 376 916 426 935; x_wconf 89' lang='lat' dir='ltr'>idern</span> <span class='ocrx_word' id='word_1_240' title='bbox 439 918 458 934; x_wconf 91' lang='lat' dir='ltr'>et</span> <span class='ocrx_word' id='word_1_241' title='bbox 471 916 529 934; x_wconf 85' lang='lat' dir='ltr'>frater</span> <span class='ocrx_word' id='word_1_242' title='bbox 541 916 588 939; x_wconf 80' lang='lat' dir='ltr'>eius,</span> <span class='ocrx_word' id='word_1_243' title='bbox 601 916 633 940; x_wconf 87' lang='lat' dir='ltr'>qui</span> <span class='ocrx_word' id='word_1_244' title='bbox 646 921 700 933; x_wconf 82' lang='lat' dir='ltr'>voca-</span> 
     </span>
     <span class='ocr_line' id='line_1_33' title="bbox 153 941 699 965; baseline -0.004 -5"><span class='ocrx_word' id='word_1_245' title='bbox 153 942 208 960; x_wconf 85' lang='lat' dir='ltr'>batur</span> <span class='ocrx_word' id='word_1_246' title='bbox 217 942 295 965; x_wconf 70' lang='lat' dir='ltr'>Sarech,</span> <span class='ocrx_word' id='word_1_247' title='bbox 309 948 352 960; x_wconf 84' lang='lat' dir='ltr'>cum</span> <span class='ocrx_word' id='word_1_248' title='bbox 363 941 493 960; x_wconf 84' lang='lat' dir='ltr'>innumerabili</span> <span class='ocrx_word' id='word_1_249' title='bbox 507 941 590 959; x_wconf 87' lang='lat' dir='ltr'>exercitu</span> <span class='ocrx_word' id='word_1_250' title='bbox 603 941 653 959; x_wconf 82' lang='lat' dir='ltr'>iuxta</span> <span class='ocrx_word' id='word_1_251' title='bbox 665 941 699 959; x_wconf 81' lang='lat' dir='ltr'>Ga—</span> 
     </span>
     <span class='ocr_line' id='line_1_34' title="bbox 154 966 700 990; baseline -0.002 -5"><span class='ocrx_word' id='word_1_252' title='bbox 154 972 218 984; x_wconf 81' lang='lat' dir='ltr'>zeram</span> <span class='ocrx_word' id='word_1_253' title='bbox 231 966 317 985; x_wconf 81' lang='lat' dir='ltr'>iacebant</span> <span class='ocrx_word' id='word_1_254' title='bbox 329 968 352 985; x_wconf 83' lang='lat' dir='ltr'>ad</span> <span class='ocrx_word' id='word_1_255' title='bbox 364 973 421 985; x_wconf 88' lang='lat' dir='ltr'>unam</span> <span class='ocrx_word' id='word_1_256' title='bbox 435 967 515 990; x_wconf 76' lang='lat' dir='ltr'>dietam,</span> <span class='ocrx_word' id='word_1_257' title='bbox 532 969 550 984; x_wconf 85' lang='lat' dir='ltr'>et</span> <span class='ocrx_word' id='word_1_258' title='bbox 563 966 653 985; x_wconf 78' lang='lat' dir='ltr'>soldanus</span> <span class='ocrx_word' id='word_1_259' title='bbox 665 966 700 984; x_wconf 91' lang='lat' dir='ltr'>Da-</span> 
     </span>
     <span class='ocr_line' id='line_1_35' title="bbox 155 991 701 1016; baseline -0.002 -6"><span class='ocrx_word' id='word_1_260' title='bbox 155 991 215 1010; x_wconf 80' lang='lat' dir='ltr'>masci</span> <span class='ocrx_word' id='word_1_261' title='bbox 224 997 266 1009; x_wconf 82' lang='lat' dir='ltr'>cum</span> <span class='ocrx_word' id='word_1_262' title='bbox 276 998 311 1010; x_wconf 81' lang='lat' dir='ltr'>suo</span> <span class='ocrx_word' id='word_1_263' title='bbox 321 998 390 1016; x_wconf 75' lang='lat' dir='ltr'>magno</span> <span class='ocrx_word' id='word_1_264' title='bbox 400 992 483 1010; x_wconf 84' lang='lat' dir='ltr'>exercitu</span> <span class='ocrx_word' id='word_1_265' title='bbox 492 994 532 1010; x_wconf 86' lang='lat' dir='ltr'>erat</span> <span class='ocrx_word' id='word_1_266' title='bbox 539 994 585 1016; x_wconf 85' lang='lat' dir='ltr'>aput</span> <span class='ocrx_word' id='word_1_267' title='bbox 591 991 701 1016; x_wconf 75' lang='lat' dir='ltr'>Neapolym,</span> 
     </span>
     <span class='ocr_line' id='line_1_36' title="bbox 156 1016 701 1041; baseline 0 -6"><span class='ocrx_word' id='word_1_268' title='bbox 156 1023 189 1041; x_wconf 80' lang='lat' dir='ltr'>per</span> <span class='ocrx_word' id='word_1_269' title='bbox 202 1023 258 1034; x_wconf 84' lang='lat' dir='ltr'>unam</span> <span class='ocrx_word' id='word_1_270' title='bbox 272 1017 357 1035; x_wconf 86' lang='lat' dir='ltr'>similiter</span> <span class='ocrx_word' id='word_1_271' title='bbox 366 1017 436 1035; x_wconf 82' lang='lat' dir='ltr'>dietam</span> <span class='ocrx_word' id='word_1_272' title='bbox 449 1017 520 1035; x_wconf 86' lang='lat' dir='ltr'>distans</span> <span class='ocrx_word' id='word_1_273' title='bbox 530 1017 553 1035; x_wconf 85' lang='lat' dir='ltr'>ab</span> <span class='ocrx_word' id='word_1_274' title='bbox 563 1017 645 1035; x_wconf 76' lang='lat' dir='ltr'>exercitu</span> <span class='ocrx_word' id='word_1_275' title='bbox 655 1016 701 1035; x_wconf 82' lang='lat' dir='ltr'>chri-</span> 
     </span>
     <span class='ocr_line' id='line_1_37' title="bbox 155 1042 702 1066; baseline 0 -6"><span class='ocrx_word' id='word_1_276' title='bbox 155 1043 225 1066; x_wconf 65' lang='lat' dir='ltr'>stiano,</span> <span class='ocrx_word' id='word_1_277' title='bbox 233 1042 299 1060; x_wconf 84' lang='lat' dir='ltr'>etdurn</span> <span class='ocrx_word' id='word_1_278' title='bbox 305 1042 328 1060; x_wconf 91' lang='lat' dir='ltr'>de</span> <span class='ocrx_word' id='word_1_279' title='bbox 334 1042 452 1060; x_wconf 84' lang='lat' dir='ltr'>restitutione</span> <span class='ocrx_word' id='word_1_280' title='bbox 457 1044 569 1060; x_wconf 77' lang='lat' dir='ltr'>tractaretur</span> <span class='ocrx_word' id='word_1_281' title='bbox 574 1044 623 1060; x_wconf 82' lang='lat' dir='ltr'>terre</span> <span class='ocrx_word' id='word_1_282' title='bbox 629 1044 702 1064; x_wconf 78' lang='lat' dir='ltr'>sancte,</span> 
     </span>
     <span class='ocr_line' id='line_1_38' title="bbox 155 1071 485 1092; baseline -0.006 -4"><span class='ocrx_word' id='word_1_283' title='bbox 155 1072 181 1092; x_wconf 80' lang='lat'>³1)</span> <span class='ocrx_word' id='word_1_284' title='bbox 193 1072 202 1088; x_wconf 90' lang='lat' dir='ltr'>i.</span> <span class='ocrx_word' id='word_1_285' title='bbox 215 1077 229 1092; x_wconf 80' lang='lat' dir='ltr'>q.</span> <span class='ocrx_word' id='word_1_286' title='bbox 241 1071 327 1091; x_wconf 67' lang='lat' dir='ltr'>sagmariis,</span> <span class='ocrx_word' id='word_1_287' title='bbox 339 1071 383 1092; x_wconf 74' lang='lat' dir='ltr'>equis</span> <span class='ocrx_word' id='word_1_288' title='bbox 395 1071 485 1087; x_wconf 66' lang='lat' dir='ltr'>clitellariis.</span> 
     </span>
    </p>
   </div>
  </div>
 </body>
</html>
