769 1252
139 117 163 134 78
240 115 381 134 RYCCARDUS
395 115 426 133 DE
439 115 457 134 S,
471 115 587 134 GERMANO

139 166 163 184 tis
172 167 239 184 abbate
248 165 353 184 Casinense
355 168 426 193 partes
439 171 484 184 suas
497 166 629 190 interponente
643 168 689 190 aput

139 191 235 215 legatum,
253 193 336 209 castrum
354 190 416 215 ipsum
432 191 498 215 recipit
514 192 536 209 ad
553 197 621 209 manus
637 197 688 209 suas.

139 217 223 240 Indeque
236 216 341 240 procedens
355 216 449 234 exercitus
459 216 509 234 vadit
518 216 618 244 111111111111117
631 222 688 240 quam

139 241 184 259 licet
200 247 233 265 pro
251 241 321 259 viribus
338 241 462 264 1enitentern5
479 244 523 265 post
539 241 589 259 diros
608 241 688 259 insultus
699 254 705 258 .

140 266 200 285 factos
213 266 230 284 in
244 272 286 284 eam
298 272 332 290 per
341 266 379 284 vim
388 266 467 291 optinet,
481 269 500 284 et
509 267 531 284 ad
542 272 590 291 opus
599 266 650 284 illam
660 272 689 284 re-

140 291 184 316 cipit
193 291 283 311 ecclesie.
293 291 379 310 similiter
386 294 405 309 et
412 293 495 309 castrum
503 291 630 315 Pedemontis7
639 292 688 316 quod

141 319 181 335 erat
191 316 264 335 comitis
274 316 383 339 memorati,
392 316 448 334 turris
455 319 519 335 tamen
528 317 584 335 castri
592 317 651 341 ipsius
659 319 689 335 est

141 342 164 360 ad
174 341 230 361 fidem
240 342 300 366 ipsius
310 341 383 359 comitis
393 344 511 360 conservata.
533 342 585 360 Tunc
595 345 614 360 et
623 342 688 360 civitas

140 367 215 385 Telesie
224 367 286 391 legato
297 372 318 385 se
328 366 387 385 reddit
397 372 454 385 causa
463 369 531 385 metus

179 392 253 420 Papalis
263 392 356 410 exercitus
366 398 401 416 pe1
409 394 479 410 terrani
489 392 578 410 Iohannis
588 391 625 410 San
634 392 689 415 Fray-

141 417 212 441 mundi,
225 423 281 441 quam
295 417 329 435 sibi
342 423 376 441 pro
387 419 439 441 parte
449 417 531 441 subegit,
544 418 645 441 transiens,
659 423 689 435 oc-

141 448 174 460 cui
175 442 258 461 rentibus
268 442 303 460 illis
313 443 335 460 de
345 442 462 466 Benevento
474 448 496 460 se
506 443 583 460 contulit
592 443 689 461 Beneven-

140 470 190 491 tum3
205 470 224 485 et
236 469 280 485 tunc
293 467 329 491 ipsi
343 467 471 485 Beneventani
482 473 524 485 eum
534 468 596 492 papali
606 468 689 486 exercitu

141 495 160 510 et
174 498 216 510 eum
227 492 296 510 viribus
306 493 345 511 suis
355 492 427 510 vicinos
437 493 555 511 adversarios
565 493 690 511 vehementer

140 517 258 542 impugnant,
268 517 356 536 Padulem
367 520 386 535 et
394 517 479 542 Apicem⁷
492 524 535 536 cum
545 524 566 536 se
576 521 641 536 tenere
651 523 688 535 non

140 545 225 567 possent,
239 542 335 567 recipiunt.
362 543 486 567 Cippalonum
498 544 616 567 comburunt,
630 543 689 561 muni-

140 568 191 586 tione
201 568 303 592 superstite
313 571 429 586 remanente.
453 568 528 587 Casalin
537 568 606 586 Montis
616 567 689 586 Fusculi

141 593 185 617 igne
200 596 294 616 cremant;
308 593 338 611 11111
352 593 464 611 adveniente
475 599 558 617 rumore,
572 594 621 618 quod
635 599 690 611 cesar

142 619 164 636 de
172 618 225 641 Syria
233 618 250 636 iu
258 618 345 642 Apuliam
352 621 437 642 venerat⁷
447 618 519 643 papalis
530 619 623 637 exercitus
632 624 690 637 causa

142 646 203 661 metus
220 643 269 667 cepit
284 643 367 661 dissolvi,
394 643 486 662 Dominus
502 644 595 662 lohannes
613 644 636 662 de
656 644 690 662 Co-

142 668 218 693 lumpna
232 668 330 687 cardinalis
344 671 363 687 et
376 669 470 688 {ohannes
480 675 513 687 rex
523 669 616 693 quondam
627 669 690 687 lhero-

142 693 261 712 solimitanus
269 694 440 713 etLombardorum
447 694 535 718 copiosus
543 693 690 717 exercituskay-

143 719 219 737 naldum
232 719 298 737 ducem
310 718 381 743 Spoleti
395 719 447 737 velut
460 720 535 737 hostem
551 719 633 737 ecclesie
649 725 690 743 per-

143 746 252 768 sequentes,
265 744 317 762 illum
328 744 378 762 exire
389 744 491 763 Marchiam
503 747 522 763 et
534 744 552 762 in
567 750 647 769 regnum
661 750 690 762 re-

142 769 181 787 dire
195 769 317 793 compellunt,
330 772 349 787 et
361 772 491 794 receptantem
505 776 526 788 se
535 770 553 787 in
564 770 654 788 Sulmona
664 771 691 787 te-

143 797 188 812 nent
201 795 301 812 obsessum
333 795 385 812 Tune
395 797 476 813 castrum
487 794 583 813 Pectorani
593 794 690 819 recipiunt.

181 819 260 837 Romani
270 824 328 844 super
336 820 438 838 Viterbium
448 820 524 843 vadunt,
536 823 555 838 et
564 820 658 838 civitatem
668 825 691 837 ac

143 847 226 862 castrum
241 845 334 868 quoddam
350 845 373 863 ad
390 850 432 863 eam
448 845 544 869 pertinens
562 846 691 868 devastantes,

143 870 191 893 quod
202 869 337 888 Monasterium
346 870 419 894 dicitur7
432 871 454 888 ad
464 870 534 888 Urbem
543 870 615 888 reversi
625 872 674 888 sunt.

181 894 233 913 Tunc
247 895 334 919 Pelagius
347 895 421 919 legatus
435 895 530 919 predictus
543 895 619 914 nuntios
631 896 654 913 ad
663 895 691 913 lo-

143 920 226 938 hannem
240 921 263 939 de
276 920 380 945 Colnmpna
395 920 509 939 cardinalem
522 923 541 939 et
550 920 653 939 Iohannem
662 926 691 938 re·

144 950 187 969 gem
196 946 289 969 quondam
296 945 479 964 lherosolimitanum
487 946 521 964 sub
529 946 625 964 celeritate
630 948 691 963 trans-

144 970 206 994 mittit
215 973 235 988 ut
244 971 266 988 ad
277 977 298 988 se
308 971 372 989 venire
382 971 476 989 festinent.
495 971 530 993 Qui
540 972 562 989 sd
572 971 690 989 vocationem

144 995 201 1019 legati
209 996 231 1014 ab
239 995 335 1014 obsidione
342 996 454 1014 recedentes
464 996 543 1014 civitatis
551 996 648 1024 Sulmone,
657 1001 692 1020 per

144 1020 212 1038 vallem
223 1020 290 1049 Sangri
305 1020 323 1038 in
337 1021 446 1039 comitatum
456 1021 523 1039 Molisii
533 1021 616 1045 veniunt,
629 1020 693 1049 11111111

144 1046 212 1063 denam
223 1045 240 1063 vi
250 1045 332 1070 capiunt,
346 1048 365 1064 et
378 1046 476 1064 castellum
487 1046 534 1070 eius,
548 1046 566 1064 in
576 1053 612 1071 quo
622 1052 643 1064 se
653 1046 692 1070 qui-

145 1071 186 1088 dam
194 1070 315 1094 Vincigiierra
323 1071 345 1089 de
351 1071 422 1089 Aversa
430 1074 529 1095 receperat
536 1077 579 1090 cum
586 1074 643 1095 gente
652 1077 693 1094 sun,
