769 1252
148 105 171 122 18
247 104 388 123 RYCCARDUS
402 104 433 123 DE
446 104 464 123 S.
478 104 593 124 GERMANO

146 154 260 172 castellanus
274 156 314 172 erat
328 154 383 172 castri
397 154 492 178 Iohannis,
506 155 617 173 rebellavit
613 161 693 180 impeia-

145 180 189 203 tori3
208 179 231 197 ad
247 185 303 203 quam
320 179 441 197 obsidendam
456 185 498 197 cuni
514 180 554 204 ipse
568 181 694 205 personaliter

146 204 244 222 accederet
257 204 369 228 imperator,
383 205 529 229 supeiveniente
543 206 648 230 egritudine
661 207 692 224 ab·

100 233 139 247 1197.
145 229 187 247 inde
197 229 282 247 infirmus
292 229 398 253 discedens,
408 230 456 248 sicut
465 230 545 248 Domino
555 231 630 255 placuit,
643 231 692 249 diem

102 251 139 269 ⁵⁸⁰¹
145 254 212 272 clausit
227 257 338 273 extremum.
363 255 385 272 Et
400 257 444 273 tunc
460 255 510 273 fama
526 255 642 274 discurrente
659 262 693 280 per

145 285 231 303 regnum.
245 279 305 298 dictus
318 280 370 298 Oddn
383 280 441 298 frater
449 280 541 304 Dyopuldi
554 281 628 299 comitis
638 284 691 306 rupta

144 304 241 323 obsidione
250 310 305 323 rocce
315 305 368 323 Since
378 305 463 329 discedit⁷
473 308 492 323 et
501 312 522 324 se
532 306 610 329 contulit
619 307 641 324 ad
651 312 691 325 roc-

144 336 185 348 cam
195 330 253 347 Arois

182 354 292 379 lmperatrix
306 355 392 373 Panormi
407 361 508 374 remanens
522 356 541 374 in
554 359 607 374 veste
617 356 690 380 lugubri

143 381 166 398 de
179 386 226 398 nece
240 380 359 408 imperatoris
372 380 405 398 viri
420 381 455 404 sui⁷
469 381 560 405 regnique
569 381 610 404 paci
623 387 690 399 consu-

142 405 183 423 lens
201 407 219 423 et
236 405 303 429 quieti
323 405 449 424 Marcualdum
468 406 541 430 impelii
557 406 689 423 senescalcum

142 436 184 448 cum
199 430 305 448 Teutonicis
319 431 405 449 omnibus
419 432 442 449 de
451 436 510 454 regno
520 430 606 453 exclusit
619 430 689 455 ipsum-

142 461 178 479 que
185 461 209 473 ne
217 456 283 473 amodo
292 461 372 480 regnum
380 456 451 479 ingredi
460 456 531 479 absque
541 461 575 473 suo
585 455 637 474 iussu
647 462 689 480 pie-

142 483 232 504 sumeret
246 486 295 498 neve
309 483 416 499 remaneret
429 487 447 498 in
461 486 527 504 regno⁷
541 481 645 499 iuramento
658 487 688 499 co-

142 506 185 530 egit.
209 506 245 527 Qui
258 512 301 524 cum
313 505 372 534 ipsius
381 505 506 529 imperatricis
516 505 582 523 litteris
592 508 611 524 et
620 506 688 524 ducatu

141 531 163 549 ad
182 531 291 549 comitatum
308 530 374 549 Molisii
392 530 481 553 veniens⁷
499 531 529 554 qui
545 533 589 549 tunc
605 531 687 550 Maichia

141 557 243 574 vocabatur
257 559 275 574 et
289 556 323 574 sibi
337 556 421 578 favebat,
435 561 477 573 cum
491 556 543 574 illum
557 556 592 574 sibi
602 556 699 577 Muscam,

141 581 222 599 cervello
234 584 307 599 mortuo
320 580 436 599 concesserit
449 581 557 605 imperator,
570 582 605 600 sub
619 587 686 599 securo

140 606 261 624 cardinalium
274 606 367 624 conductu
380 608 399 624 et
408 606 509 624 securitate
519 612 575 631 supra
585 606 627 624 dicti
637 606 686 625 Petri

140 632 204 650 Celani
214 631 295 654 comitis,
304 631 333 649 cui
343 634 443 655 propterea
451 632 557 655 Vayranuru
567 632 648 655 tradidit,
657 638 685 650 re-

138 657 187 675 lictis
195 657 212 675 in
220 657 261 681 ipso
269 656 335 675 Molisii
345 657 434 674 comitatu
444 656 552 675 castellanis
563 657 602 675 suis
610 659 628 675 et
635 657 685 675 baiu·

138 682 168 706 lis7
178 683 200 700 ad
209 682 285 700 Ancone
296 681 399 699 marchiam
409 687 443 700 suo
453 687 486 706 pro
495 684 547 706 parte
554 682 635 700 dominio
643 683 685 700 sub-

138 708 196 725 ditam
206 713 228 725 se
237 706 320 730 contulit,
330 707 360 725 ubi
367 712 410 725 cum
418 707 457 725 suis
465 707 578 731 sequacibus
586 707 685 726 innumera

139 732 187 750 mala
197 731 296 750 commisit

94 762 132 777 nus,
176 757 282 776 Celestinus
295 763 343 781 papa
356 757 407 780 obiit5
421 760 439 775 et
448 757 547 775 Lotharius
557 757 656 776 cardinalis
665 757 684 776 in

87 780 133 795 '‘ss-⁸·
152 788 209 806 apam
218 782 347 800 Innocentium
357 782 468 801 substitutus
481 785 511 800 est
519 782 549 801 illi.
574 783 683 807 Iinperatrix

138 789 196 825 Elium
210 813 265 825 suum
278 807 297 825 in
310 807 392 826 Marchia
405 808 454 832 apud
468 808 538 831 Hesym
551 807 646 826 civitatem
656 814 684 825 re-

136 833 210 856 lictum⁷
225 833 259 851 sub
273 832 341 850 ducatu
354 832 397 851 dicti
411 832 475 851 Celani
489 832 561 851 comitis
576 835 595 850 et
607 832 683 851 Berardi

136 858 210 876 Laureti
226 858 300 876 comitis
316 860 335 876 et
350 858 455 882 Cupersani
470 859 493 876 ad
510 863 531 876 se
545 857 587 875 duci
599 857 650 876 iubet
663 857 682 876 in

136 889 223 907 regnum,
234 886 253 901 et
262 884 284 901 de
294 883 359 907 Apulia
369 883 387 901 in
397 883 478 901 Siciliam
489 885 612 901 transmeare.
630 883 682 901 Tunc

136 908 211 933 quidam
225 908 243 926 in
255 908 340 927 Calabria
353 908 467 926 Teutonicus
483 908 559 926 nomine
571 908 682 927 Fredericus

135 939 178 951 cum
192 933 250 952 nollet
262 933 376 958 imperatrici
388 933 458 956 favere,
471 938 493 950 se
505 933 523 951 in
534 933 608 951 Malveti
618 937 681 952 castro

135 958 239 982 recipiens,
255 959 304 983 quod
316 959 364 977 furto
377 958 480 976 sustulerat
492 958 565 977 cuidam
579 959 643 977 Mauro
657 959 680 976 de

135 984 180 1002 Mira
190 983 258 1002 ibidem
268 984 371 1002 castellana
381 985 450 1001 statuto
463 989 496 1007 pro
506 983 620 1002 monasterio
630 982 681 1001 Casi-

135 1009 196 1033 nensi⁷
209 1009 262 1027 iussu
272 1008 396 1037 imperatricis
406 1008 464 1033 ipsius
478 1015 489 1026 a
502 1008 569 1027 comite
583 1008 681 1032 Amphuso

134 1035 158 1052 de
167 1034 219 1052 Rotis
229 1034 335 1058 ceterisque
344 1033 428 1052 Calabrie
439 1033 544 1052 nobilibus'
540 1039 558 1051 in
567 1033 609 1057 ipsu
619 1036 681 1051 castro

134 1060 225 1078 obsessus
239 1062 268 1077 est
281 1062 299 1077 et
313 1061 400 1077 arctatus.
426 1059 462 1080 Qui
476 1059 520 1076 dum
533 1058 587 1076 aliter
600 1059 680 1077 evadere
