769 1252
275 98 296 116 A.
311 99 365 117 1239.
380 98 433 117 1240.
594 100 629 118 143

82 150 117 166 est.
136 147 232 172 Aspeliam
248 150 267 166 et
280 148 418 166 Cocceianum·
434 151 526 166 venerunt
540 149 563 167 ad
578 155 629 167 man-

82 173 147 190 datum
161 179 226 196 suum‚
240 173 306 197 recipit
319 175 364 191 tunc
378 173 434 191 etiam
447 173 549 192 Viterbi'um
562 175 629 192 eodem

82 203 149 216 mense
158 197 259 221 Februarii,
269 198 341 221 0rtam,
351 198 429 217 Civitarn
440 199 574 223 Casienanam,
586 199 629 218 Cor-

81 225 153 246 netum⁷
163 223 246 246 Sut=-um‚
256 223 338 241 Mentem
347 223 458 242 Flasconem
466 226 485 242 et
491 224 628 242 Tuscanellam.

81 247 191 272 Imperatrix
201 254 243 266 cum
253 248 335 266 Berardo
344 248 476 267 Panormitano
486 249 628 274 archiepiscopo

80 273 98 291 in
109 279 189 297 regnum
199 273 255 291 venit.
273 273 331 291 Stella
341 276 426 292 cometes
436 274 527 298 apparuit.

118 298 184 316 Mense
197 298 258 316 Martii
271 298 373 323 imperator
387 299 451 317 relicto
465 299 563 323 capitaneo
578 299 626 323 apud

79 323 182 342 Viterbium
192 323 260 342 comite
269 323 345 342 Simone
353 324 431 342 Teatino
441 330 483 342 cum
494 324 576 342 exercitu
586 330 628 348 suu⁷

80 351 99 366 et
111 348 129 366 in
142 348 225 366 Mai-chia
240 349 319 367 naturali
332 348 369 367 filio
384 355 419 367 suo
433 349 512 367 Henrico
527 355 572 373 rege
585 349 627 367 Gal-

79 373 129 397 lure,
147 379 189 392 cum
203 374 239 392 hiis
254 374 284 398 qui
297 374 320 392 de
334 380 393 398 regno
406 380 472 392 secum
484 374 502 392 in
515 374 626 392 Lombardia

79 399 160 422 fuerant,
173 399 220 417 redit
231 398 249 417 in
260 405 346 423 regnum7
360 402 404 417 tunc
416 399 513 423 Stephano
527 399 626 418 Casinensi

78 424 146 442 abbate
155 424 178 442 ad
188 426 257 442 terram
267 424 376 442 monasterii
387 425 483 442 redeunte.

115 449 254 473 MenseAprilis
262 449 364 473 imperator
371 450 419 474 apud
427 449 504 473 Fogiam
512 449 625 474 colloquium

78 474 161 492 celebrat
184 474 265 492 enerale.
282 474 374 499 Specialis
384 474 461 493 collecta
472 481 482 493 a
491 474 563 493 clericis
571 475 624 498 regni

78 505 111 523 pro
121 499 169 517 bene
184 499 217 517 ciis
227 499 361 518 ecclesiasticis
371 499 456 523 exigitur.

114 524 185 542 Eodem
198 530 265 542 mense
277 524 326 542 filius
339 524 390 548 regis
400 524 482 543 Castelle
492 525 514 542 ad
524 524 624 549 imperato-

77 555 118 567 rem
127 552 172 574 aput
181 549 258 573 Fogiam
267 549 323 567 venit.

115 574 134 592 ln
151 574 221 592 Sancto
237 574 332 593 Germano
347 574 439 599 magister
454 574 548 592 lohannes
564 574 623 592 archi·

76 600 176 624 presbyter
189 602 239 618 terre
252 599 344 623 eiusdem,
358 602 377 617 et
390 599 481 628 magister
490 599 556 617 Petrus
566 599 624 622 frater

76 624 124 648 eius5
138 625 190 643 iussu
203 624 321 649 imperatoris
334 631 368 649 per
382 625 487 649 Philippum
500 625 523 643 de
532 624 623 643 Surrento

75 650 154 668 militem
160 650 269 674 Capuanum
277 653 296 668 et
303 656 337 675 per
344 651 437 674 quendam
444 650 524 668 indicem
531 650 622 668 maiorem

75 675 125 699 capti
139 678 189 699 sunt⁷
202 678 221 693 et
234 681 299 694 eorum
312 678 356 694 sunt
366 675 440 694 mobilia
450 675 543 699 infiscata,
555 675 622 693 immo-

75 700 117 719 bilia
130 706 175 718 vero
188 700 251 718 omnia
265 703 359 718 annotata.
386 700 455 718 Civitas
464 700 549 718 Feri-arie
558 706 569 717 a
579 699 621 717 civi-

75 725 144 743 tatibus
153 725 264 743 Lombardie
277 724 385 749 imperatori
399 724 496 743 contrariis
509 730 544 742 nec
556 730 592 742 non
603 727 621 742 et

75 755 86 767 a
99 749 175 767 Venetis
189 749 320 774 impugnatur„
334 752 353 767 et
364 749 460 768 obsidetur
473 755 506 774 per
518 752 587 767 terram
602 752 621 767 et

74 780 152 798 aquamq
162 774 180 792 in
190 780 226 799 qua
233 780 267 799 pro
275 774 388 799 imperatore
396 777 437 793 erat
444 774 519 799 quidam
526 774 620 792 Azolinus.

73 799 178 824 Imperator
191 805 202 818 a
216 799 255 818 suis
269 799 379 818 officialibus
393 802 464 818 certam
474 799 532 824 exigit
541 799 620 824 pecunie

74 824 203 849 quantitatem.

111 849 177 868 Mense
187 850 243 868 Madii
254 850 357 874 imperator
370 852 485 874 congregato
499 849 582 868 exercitu
597 850 620 867 de

73 874 139 899 Apulia
153 875 204 893 venit
213 876 303 899 Capuam⁷
318 878 337 893 et
349 875 391 900 ipso
401 876 509 898 mandante„
522 874 620 892 Beneven—

72 902 112 918 tum
122 900 140 918 in
150 900 273 918 exterioribus
283 900 390 918 divastatur*

109 924 175 943 Mense
189 924 235 943 lunii
249 925 350 949 imperator
364 931 407 943 curn
422 924 504 943 exercitu
518 930 552 942 suo
562 929 618 948 quem

72 950 95 968 ‹le
104 956 164 974 regno
174 950 282 974 eollegerat„
296 950 347 968 venit
360 950 383 968 ad
397 950 486 968 Sanctum
496 949 618 973 Germanum,

72 974 102 993 ubi
128 981 149 993 er
162 981 195 993 sex
208 975 248 993 dies
260 981 332 993 moram
342 975 461 999 protrahens‚
475 980 485 992 e
495 974 574 998 vestigio
584 980 618 998 per

73 1000 164 1024 Aquinum
177 1000 276 1018 transitum
285 1000 363 1024 faciens7
377 1002 396 1018 et
409 1006 474 1018 seeum
487 1000 559 1018 ducens
571 999 617 1017 Pan-

71 1025 143 1043 dulfum
152 1025 248 1043 dominum
257 1025 331 1049 Aquini-7
345 1026 394 1049 apud
405 1025 487 1044 Insulam
497 1025 559 1049 pontis
568 1024 616 1042 sola-

70 1056 82 1072 ι]
92 1055 159 1070 Cocceiani
168 1060 179 1069 c.
