769 1252
272 117 291 134 Α.
307 117 360 135 1236.
376 117 429 135 1237.
590 116 623 134 131

79 173 130 190 eum7
144 166 210 190 quibus
224 166 334 184 denuntiant
348 166 460 184 electionem
473 166 563 184 canonice
577 166 625 184 cele-

79 193 150 210 bratam
168 192 191 210 de
205 192 262 210 fratre
276 191 366 210 Pandulfo
380 192 403 210 de
415 192 484 210 Sancto
496 191 593 216 Stephano
608 191 625 209 in

78 218 165 235 abbatem
181 217 311 235 Casinensem.
337 217 408 235 Eodem
427 223 494 235 mense
512 217 626 241 imperatore

78 243 180 261 mandante
194 242 289 266 generalis
304 242 382 260 coliecta
394 248 428 267 per
437 245 497 260 totum
506 248 586 266 regnum
596 248 626 260 ex-

79 268 83 286 i
98 268 140 286 itur.

85 274 97 292 g
117 293 182 311 Mense
191 292 265 317 Aprelis
275 292 366 317 magister
376 293 442 311 domus
452 292 598 311 'teutonicorum
609 295 627 310 et

79 318 170 342 magister
182 317 248 336 Petrus
262 318 285 336 de
298 318 355 336 Vinea
369 317 422 336 missi
435 318 457 336 ab
470 318 591 342 imperatore,
604 318 627 336 ad

79 349 149 368 papam
159 343 236 361 veniunt
245 349 279 367 pro
289 343 338 361 facto
347 343 464 361 Lombardie.
480 343 550 361 Eodem
560 348 627 361 mense

80 374 117 393 pax
128 368 146 386 in
160 368 209 386 Urbe
223 368 325 386 reformata
335 370 369 386 est.

117 393 183 411 Mense
192 393 246 411 Martii
254 394 366 411 Aeerrarum
374 399 438 411 comes
449 396 467 411 et
476 393 569 418 magister
577 393 628 411 iusti-

80 419 145 437 tiarius
165 420 188 437 ab
207 419 321 443 imperatore
340 419 363 437 de
380 419 492 437 Alamannia
511 419 590 437 redeunt
609 418 628 436 in

80 450 166 468 regnum.
181 444 247 462 Frater
255 444 320 462 Simon
330 444 353 462 de
363 444 486 462 Presentiano
496 447 515 462 et
523 444 582 462 frater
588 444 629 462 Ste-

80 469 155 494 phanus
165 469 251 487 similiter
260 470 283 487 de
293 469 403 487 Alamannia
416 470 496 488 redeunt
510 475 552 488 cum
562 469 629 487 litteris

81 494 201 519 imperatoris
218 500 275 519 super
291 494 340 512 facto
356 494 453 513 electionis
470 494 519 513 facte
534 495 557 513 de
571 494 629 513 fratre

81 519 181 543 Panduifo7
195 520 218 538 ad
230 519 294 537 archie
308 519 348 538 isco
362 525 384 538 os
398 520 551 538 Panormitanum
564 522 583 538 et
595 520 629 538 Ca-

81 551 165 569 puanum
175 551 211 563 nec
220 550 258 562 non
268 547 286 562 et
312 550 347 562 ave
355 544 429 563 [ensem
439 545 549 569 episcopum
558 544 630 569 missis⁷

82 576 116 595 per
130 576 177 594 quos
191 569 286 588 certiorari
299 569 395 588 desiderat
407 570 430 588 de
444 569 557 588 sufficientia
570 570 630 594 ipsius

83 595 143 613 electi.
161 596 233 613 Eodem
243 601 310 613 mense
322 595 415 613 lohannes
425 595 448 613 de
458 595 503 619 Poly
512 597 589 613 senator
597 595 630 613 Ur-

82 621 110 640 bis
124 621 183 639 factus
198 623 236 644 θεὶς
253 623 272 639 et
285 620 353 639 iterum
367 620 385 639 in
400 620 441 639 eius
455 620 518 639 odium
532 620 599 639 seditio
612 620 630 638 in

83 646 132 665 Urbe
140 648 180 664 orta
188 649 222 664 est.
239 645 329 670 Magister
336 646 403 665 domus
411 646 556 665 Teutonicorum
564 652 574 664 a
582 652 631 671 papa

83 672 105 690 ad
119 671 253 696 imperatorem
263 671 367 690 revertitur.
394 671 498 696 Episcopus
508 671 602 690 Ostiensis
613 674 632 689 et

83 697 166 715 Thomas
174 697 274 721 Capuanus
282 696 329 714 tituli
337 696 406 714 Sancte
414 697 483 715 Sabine
492 697 586 721 presbiter
593 702 632 714 car-

83 722 151 739 dinalis
160 721 218 745 legati
228 722 250 739 ad
260 721 394 745 imperatorem
404 722 474 739 vadunt
483 727 506 739 ex
515 724 568 746 parte
578 727 632 746 pape.

122 746 188 763 Mense
200 742 249 764 ‘lunii
263 745 323 764 dictus
340 746 397 763 frater
412 745 476 764 Simon
492 752 527 771 per
542 747 632 764 domnum

85 770 206 788 Guilielmum
213 771 236 788 de
242 770 311 789 Sancto
316 771 434 794 Fraymundo
442 773 492 789 terre
497 771 574 790 Laboris
582 771 633 789 iusti-

84 795 166 820 tiarium7
176 798 287 814 remanente
297 802 362 814 secum
372 796 391 814 in
398 796 477 814 rectoria
485 796 543 815 fratre
549 797 633 815 Iohanne

85 821 154 839 Cazoio
168 824 187 839 et
199 822 271 840 duobus
285 821 325 840 aliis
340 821 420 840 cassatis
434 821 548 846 rectoribus,
561 821 634 841 scilicet

85 846 143 865 fratre
153 846 224 865 Iuliano
236 849 255 865 et
264 847 322 865 fratre
332 847 425 865 Robberto
438 847 461 865 de
473 847 558 871 Fui-esta⁷
571 850 634 865 rector

85 872 195 890 Casinensis
203 872 299 890 institutus
307 875 341 890 est.
355 872 390 894 Qui
396 872 523 891 fraterSimon
529 872 633 897 aputAvel-

84 897 143 915 linum
153 898 224 915 vadens
234 898 256 915 ad
266 897 353 915 dominos
363 897 413 915 curie
423 898 548 922 supradictos,
561 897 592 922 qui
602 897 634 916 ibi-

86 923 129 941 dem
143 925 281 945 convenerant⁷
295 922 375 947 optinuit
388 923 411 940 ab
425 922 462 947 eis7
477 925 497 940 ut
510 929 544 947 pro
557 922 634 947 inquisi-

86 948 137 965 tione
146 947 232 965 facienda
241 948 264 965 de
273 953 355 971 persona
365 947 475 966 Casinensis
488 947 543 966 electi
552 947 634 972 mittere,

87 979 143 997 quem
151 972 227 996 vellent7
236 973 336 996 deberent;
346 973 377 997 qui
384 973 407 991 ad
415 973 451 991 hoc
457 973 564 992 faciendum
573 973 634 991 virum

87 997 185 1022 providum
199 997 278 1016 iudicem
288 998 383 1016 Taddeum
397 999 420 1016 de
433 998 504 1016 Suessa
519 1004 588 1023 magne
601 998 634 1017 iru-
664 1004 666 1006 ’

87 1023 163 1048 perialis
174 1023 224 1041 curie
234 1023 315 1041 iudicem
325 1023 428 1048 elegerunt.

125 1049 191 1067 Mense
201 1048 239 1067 lulii
249 1048 328 1067 veniens
338 1049 387 1067 idem
398 1048 452 1067 iudex
461 1049 484 1067 ad
492 1049 582 1067 Sanctum
590 1048 634 1067 Ger-

88 1079 164 1091 manum
178 1075 200 1092 de
214 1075 301 1092 mandato
314 1074 439 1099 predictorum
454 1074 583 1097 dominorum,
596 1076 634 1092 tam
