769 1252
263 116 283 134 Α.
300 116 352 134 1218.
369 116 422 134 1217.
592 117 615 134 41

106 166 140 185 Hie
149 166 220 184 honore
230 166 292 184 debito
302 167 324 184 nd
333 166 430 184 Perusiam
441 166 544 184 tumulatus
553 168 590 190 est,
599 169 618 184 et

68 192 149 211 Cencius
162 194 272 210 sanctorum
282 191 370 209 [ohannis
380 194 399 209 et
408 191 459 209 Pauli
469 192 569 216 presbyter
578 197 617 209 ear-

67 217 141 241 «finalis,
151 217 170 235 in
179 222 248 241 papam
258 216 361 235 Honorium
371 216 482 235 substitutus
492 220 522 235 est
531 217 562 234 illi.
581 216 617 239 Qui

67 243 90 261 de
104 243 150 261 tanti
164 242 222 266 patris
235 242 286 260 obitu
300 244 319 260 et
331 248 365 260 sua
376 242 493 266 promotione
503 242 571 266 ubique
581 244 617 260 ter-

67 274 131 286 rarum
141 268 213 285 litteras
223 267 285 291 dirigit
292 267 398 291 generales.
414 267 449 285 Hic
456 273 523 285 mense
531 267 617 292 Septem-

68 293 106 312 bris
113 293 136 311 de
143 292 219 311 Perusio
226 293 248 311 ad
254 292 324 311 Urbem
331 292 385 315 redit,
392 292 421 310 ubi
430 298 472 310 cum
480 293 538 311 multo
545 293 617 311 honore

68 325 78 337 a
88 318 179 337 Romanis
188 318 275 336 omnibus
285 320 373 342 receptus
383 320 417 336 est.
474 318 513 336 Hoc
523 324 572 336 anno
582 318 617 336 fer-

68 344 125 362 tilitas
136 349 204 367 magna
215 343 253 361 fuit.
298 343 355 361 Filius
365 343 415 367 regis
425 342 502 361 Francie
512 349 555 361 cum
565 349 617 361 exer-

69 369 106 387 citu
121 375 155 387 suo
168 368 244 386 intravit
256 368 353 392 Angliam,
367 371 387 386 et
400 374 423 386 ex
436 374 458 386 ea
472 374 509 386 non
524 368 617 387 modicam

68 396 142 419 partem
156 394 244 418 optinuit,
259 396 336 418 propter
349 394 397 418 quod
412 399 446 418 per
459 396 516 411 totam
531 394 617 418 Angliam

68 419 243 438 excommunicatus
256 421 295 443 est,
308 424 357 443 papa
370 419 476 437 mandante.
502 418 541 437 Rex
550 418 617 443 Angue

68 445 118 469 obiit
133 447 151 463 et
160 444 209 463 filius
220 444 260 462 eius
270 447 371 462 coronatur
380 444 398 462 in
408 450 480 468 regem

313 497 375 520 1217.

106 542 172 561 Petrus
181 543 336 561 Altisindorensis
346 549 411 561 comes
421 543 439 560 in
449 543 618 567 Constantinopoli-

69 571 135 587 tanum
147 568 281 592 imperatorem
295 568 376 591 electus,
389 568 469 586 Romam
483 568 562 586 veniens
575 574 617 586 cum

69 596 158 612 consorte
171 599 205 611 sua
219 594 242 612 ab
255 593 338 611 Honorio
351 599 400 617 papa
413 594 462 618 apud
471 593 562 612 Sanctum
571 593 618 612 Lau-

69 618 151 637 rentium
162 621 214 637 extra
223 624 287 637 muros
295 618 363 637 Urbis'
359 625 377 636 m
387 618 521 643 imperatorem
532 621 550 637 et
559 619 618 644 impe-

69 644 157 662 ratricem
172 646 291 662 coronantur.
315 644 351 666 Qui
363 650 443 668 regnum
456 644 554 668 intrantes
568 647 587 662 et
597 650 618 662 se

69 669 195 688 Brundusium
206 669 325 687 conferentes
338 675 381 687 cum
391 670 471 687 honesto
482 658 556 688 militari
566 675 618 687 exer-

69 695 116 719 citu,
134 694 157 713 ibi
172 695 268 713 dominum
282 695 387 713 Iohannem
402 695 425 712 de
439 695 544 719 Columpna
560 694 619 713 cardi-

69 720 132 738 nalem
147 720 166 740 in
180 719 361 744 Constantinopolim
375 719 459 743 legatum
472 722 571 737 venturum
588 726 619 738 ex-

69 747 152 769 pectant⁷
162 751 205 762 cum
215 751 251 769 quo
261 744 343 762 infausto
351 744 397 762 satis
404 744 468 762 omine
475 744 551 769 navigio
559 748 619 763 trans-

70 770 171 793 fretantes,
191 770 213 787 ad
230 772 304 794 portum
320 769 408 788 Duracln'i
424 773 556 794 pervenerunt.
583 770 619 792 Qui

70 801 128 820 pravo
138 795 188 813 ducti
198 794 282 818 eonsili0‚
296 795 414 819 imperatrice
429 801 462 813 eos
472 801 507 820 per
516 801 568 813 mare
578 801 619 820 pre-

70 823 127 838 eunte
134 821 156 838 ad
164 820 259 838 civitatem
267 820 382 844 Bizanteam.
390 820 476 838 obsidere
485 823 503 838 et
509 826 618 845 expugnare

70 846 192 870 previderunt
205 845 330 869 Durachium3
344 848 363 864 et
376 852 418 864 cum
432 846 476 864 viris
490 852 526 863 non
540 845 619 870 profice-

69 873 112 889 rent
125 873 157 889 aut
170 871 239 889 viribus
254 871 303 895 suis⁷
320 871 342 889 ab
356 871 453 889 obsidione
466 871 546 889 civitatis
559 871 619 895 ipsius

71 896 152 919 digressi
165 898 214 914 sunt.
241 896 276 918 Qui
289 898 375 914 errantes
388 902 423 920 per
431 896 485 914 devia
495 898 514 913 et
523 896 619 914 condensa

70 920 172 944 sylvarum.
186 927 196 938 a
209 921 274 939 Grecis
287 921 385 945 intercepti
400 923 450 944 sunt7
464 921 487 939 de
497 920 564 945 quibus
573 927 619 939 non·

70 945 115 964 nulli
125 946 143 963 in
153 951 185 963 ore
193 946 249 970 gladii
257 946 359 970 perierunt,
369 946 452 964 nonnulli
460 951 504 964 vero
513 947 561 971 capti
569 949 619 970 sunt,

70 974 89 990 et
99 971 189 996 carcerali
199 971 287 995 squalore
297 977 334 989 una
344 977 386 989 cum
397 971 437 996 ipso
449 971 564 996 imperatore
576 978 619 990 con-

70 996 146 1021 sumpti.
162 996 205 1021 lpse
215 996 272 1014 etiam
282 996 380 1015 cardinalis
389 999 455 1021 captus
463 999 492 1015 est
500 999 518 1015 et
525 998 619 1015 detentus.

107 1022 147 1040 Hoc
161 1027 210 1040 anno
225 1022 297 1040 navalis
311 1022 408 1040 Frisonum
425 1022 518 1040 exercitus
532 1022 618 1041 Gaietam

70 1047 302 1071 veniensstherosolimam
307 1047 378 1066 vaditin
384 1047 487 1066 subsidium
492 1050 542 1065 terre
547 1050 618 1065 sancte.

69 1071 190 1090 lar-[tensium
198 1078 279 1097 quoque,
285 1071 385 1097 Veneturn7
395 1072 505 1091 Pis-anorum
514 1075 532 1090 et
539 1072 618 1090 aliorum
