769 1252
269 112 290 129 Α.
306 112 358 130 1190,
375 111 427 129 1191.
611 112 622 129 7

76 162 168 186 quendam
185 161 287 179 Henricum
303 161 380 179 Testem
396 161 469 185 imperii
486 161 623 179 marescalcum

76 193 118 205 cum
129 186 246 205 multitudine
256 186 308 210 gravi
319 186 374 205 mittit
383 186 401 204 in
411 192 497 210 regnum⁴
513 186 536 205 Et
544 186 623 204 veniens

76 213 93 230 in
102 212 187 236 Apuliam
196 212 246 230 nullo
256 213 343 230 obstante
353 212 375 230 ad
382 211 444 236 ipsum
452 211 521 229 Andrie
528 211 623 233 comitem„

76 237 157 262 primum
168 237 231 255 casale
241 237 334 261 quoddam
343 237 392 261 quod
403 237 504 256 Cornetum
517 236 589 259 dicitur,
600 237 623 254 ad

76 262 169 281 abhatiam
179 262 255 280 Venusii
265 262 368 286 pertinens⁷
383 268 415 287 pro
430 268 452 280 eo
462 263 510 286 quod
521 263 578 280 abbas
588 262 623 280 loci

76 288 136 312 ipsius
143 287 161 305 in
169 290 241 312 partem
249 287 381 305 cesseratdicti
387 287 444 311 regis,
451 287 545 305 hostiliter
551 287 623 305 intrans

76 319 119 331 cum
127 313 210 337 predicto
219 312 294 336 comite⁷
302 312 341 330 suis
349 312 399 330 dedit
406 313 424 330 in
430 312 554 340 direptionem
560 315 577 330 et
583 318 624 336 pre-

76 338 129 361 dam·
145 340 163 355 et
172 343 209 362 que
219 337 278 362 putuit
287 338 330 355 dicti
340 337 391 361 regis
414 337 448 355 arti
459 337 564 355 faventibus
575 337 623 355 mala

76 363 169 387 irrogans,
183 363 259 381 tandem
273 369 315 381 cum
328 344 452 380 minoriticato
462 362 545 381 exercitu
555 362 573 380 in
583 363 623 380 Ala-

76 388 172 406 manniam
182 394 269 406 ieversus
280 390 315 406 est

113 413 178 431 Dictus
191 419 236 431 vero
250 413 319 431 Andrie
332 418 397 431 comes
411 413 428 431 in
439 413 505 437 Apulia
515 418 624 436 remanens,

76 438 149 456 tii-mata
164 444 219 456 rocca
232 438 302 456 Sancte
311 438 384 462 Agathe
398 444 454 462 quam
467 441 512 456 tunc
521 438 563 462 ipse
572 441 625 456 tene-

76 465 115 487 bat,
129 464 152 482 de
166 464 205 482 suis
220 463 303 481 confisus
317 463 397 487 yiribus,
411 469 433 481 se
445 464 463 481 in
477 463 546 482 Asculo
558 463 625 487 recipit

76 491 141 507 contra
150 495 222 513 regem,
238 488 299 510 Quem
310 488 370 507 dictus
376 489 489 507 Acer-rarum
499 494 564 506 comes
574 488 624 506 intus

76 514 209 538 circumposita
219 514 316 532 obsidione
326 516 420 538 manans,
433 520 475 532 cum
486 513 563 532 flectere
572 513 624 531 illum

76 539 163 563 precibus
178 541 197 556 et
209 539 308 563 promissis
323 545 359 556 nnn
374 541 448 563 posset,
462 542 548 557 vocaturn
562 538 624 563 ipsum

76 565 99 582 ad
110 563 223 588 colloquium
233 564 313 587 quadam
324 564 360 587 die,
371 564 472 588 proditorie
482 564 531 588 cepit
541 566 559 582 et:
568 563 625 582 mise-

76 589 128 608 rabili
138 591 198 607 morte
208 589 322 613 dampnavit.

115 614 140 632 Eo
153 620 202 632 anno
211 614 321 633 Fredericus
331 614 458 633 Romanorum
468 614 572 639 imperator
581 620 623 633 cum

76 639 147 664 ingenti
157 646 212 658 cruce
223 640 340 664 signatorum
350 640 432 658 exercitu
440 640 582 658 lherosolimam
592 646 624 664 pe-

70 668 128 683 tens.
143 665 251 683 sinistrante
265 665 354 683 fortuna
350 671 368 683 in
383 666 463 689 quodam
478 665 556 684 flumine
569 665 624 683 mori-

76 693 115 714 tui·-
126 683 220 708 Her-ricus
231 690 280 709 filius
290 690 330 708 eius
340 690 412 708 ltaliam
422 691 530 715 ingreditur
548 699 550 701 ·

109 704 153 733 ⁷Rex
160 715 238 733 Francie
246 718 265 733 et
271 721 304 733 rex
311 715 378 739 Anglie
386 721 443 734 cruce
450 716 518 740 signati
526 715 624 734 lherosoli-

76 746 127 758 mam
138 743 209 764 petunt.
232 740 268 762 Qui
282 740 380 758 venientes
390 741 508 764 Messanam
522 743 561 759 orta
576 741 625 759 inter

77 771 110 783 eos
118 765 217 783 discordia
214 768 298 789 partem
306 765 398 784 civitatis
394 772 438 790 igne.
445 769 557 784 cremarunt.
572 766 624 788 Quos

77 790 137 808 dictus
148 796 179 808 rex
189 790 298 809 Tancredus
311 791 385 815 magnis
399 791 494 810 honorans
508 792 586 816 exeniis
600 798 624 810 ne

76 815 171 834 civitatem
181 816 269 834 Messana
283 817 408 840 destruerent,
423 817 522 835 cumulatis
537 805 624 841 precibus

75 841 186 865 impetravit.
210 841 246 863 Qui
259 842 335 860 tandem
349 842 491 860 lherosolimam
505 842 624 870 proficiscen-

76 868 112 889 tes⁷
125 869 144 884 et
154 872 187 890 pro
197 866 265 885 Christi
277 866 314 885 fide
327 870 429 891 certantes
442 867 536 885 civitatem
547 867 624 885 Acconi-

76 893 146 919 tanam,
157 897 213 915 quam
223 891 308 910 infideles
319 893 414 915 tenebant
424 893 492 911 Christi
501 892 581 911 faciente
589 892 624 910 vir-

75 918 115 933 tute
126 916 143 933 in
153 922 210 934 manu
219 917 291 941 potenti
300 920 441 941 recuperarunt.

321 955 382 978 1191.

113 988 202 1007 Clemens
210 995 258 1013 papa
266 989 326 1007 Rome
335 990 379 1008 obiit
389 996 456 1008 mense
464 990 530 1008 Martii.
541 993 559 1009 et
566 990 624 1008 lacin
629 996 642 1007 Α.
645 997 671 1008 cn.

74 1014 119 1032 thus
129 1014 219 1032 diaconus
229 1014 328 1033 cardinalis
341 1015 358 1033 in
369 1015 484 1034 Celestinum
499 1022 567 1040 papam
581 1021 624 1033 con·
633 1012 666 1037 Ἠ

74 1042 177 1057 secratur&

73 1072 85 1089 a)
97 1073 149 1086 tentum
159 1074 197 1087 addit
206 1073 222 1087 Gi
