<?xml version="1.0" encoding="UTF-8"?>
<!DOCTYPE html PUBLIC "-//W3C//DTD XHTML 1.0 Transitional//EN"
    "http://www.w3.org/TR/xhtml1/DTD/xhtml1-transitional.dtd">
<html xmlns="http://www.w3.org/1999/xhtml" xml:lang="en" lang="en">
 <head>
  <title>
</title>
<meta http-equiv="Content-Type" content="text/html;charset=utf-8" />
  <meta name='ocr-system' content='tesseract 3.04.00' />
  <meta name='ocr-capabilities' content='ocr_page ocr_carea ocr_par ocr_line ocrx_word'/>
</head>
<body>
  <div class='ocr_page' id='page_1' title='image "./ryccardidesanct00pertgoog_0051.png"; bbox 0 0 769 1252; ppageno 0'>
   <div class='ocr_carea' id='block_1_1' title="bbox 296 116 617 134">
    <p class='ocr_par' dir='ltr' id='par_1_1' title="bbox 296 116 617 134">
     <span class='ocr_line' id='line_1_1' title="bbox 296 116 617 134; baseline 0.003 -1"><span class='ocrx_word' id='word_1_1' title='bbox 296 116 316 133; x_wconf 85' lang='grc' dir='ltr'>Α.</span> <span class='ocrx_word' id='word_1_2' title='bbox 332 116 386 134; x_wconf 79' lang='grc'>1215.</span> <span class='ocrx_word' id='word_1_3' title='bbox 593 116 617 134; x_wconf 79' lang='lat'>39</span> 
     </span>
    </p>
   </div>
   <div class='ocr_carea' id='block_1_2' title="bbox 65 165 652 1096">
    <p class='ocr_par' dir='ltr' id='par_1_2' title="bbox 69 165 652 266">
     <span class='ocr_line' id='line_1_2' title="bbox 108 165 652 190; baseline -0.004 -6"><span class='ocrx_word' id='word_1_4' title='bbox 108 165 145 184; x_wconf 83' lang='lat' dir='ltr'>Eo·</span> <span class='ocrx_word' id='word_1_5' title='bbox 160 172 209 184; x_wconf 72' lang='lat' dir='ltr'>anno</span> <span class='ocrx_word' id='word_1_6' title='bbox 223 172 256 184; x_wconf 87' lang='lat' dir='ltr'>rex</span> <span class='ocrx_word' id='word_1_7' title='bbox 269 165 378 184; x_wconf 82' lang='lat' dir='ltr'>Fredericus</span> <span class='ocrx_word' id='word_1_8' title='bbox 393 166 411 183; x_wconf 89' lang='lat' dir='ltr'>in</span> <span class='ocrx_word' id='word_1_9' title='bbox 428 166 538 190; x_wconf 79' lang='lat' dir='ltr'>rependium</span> <span class='ocrx_word' id='word_1_10' title='bbox 555 165 652 183; x_wconf 77' lang='lat' dir='ltr'>collatituu.</span> 
     </span>
     <span class='ocr_line' id='line_1_3' title="bbox 69 187 650 215; baseline 0 -6"><span class='ocrx_word' id='word_1_11' title='bbox 69 191 103 210; x_wconf 77' lang='lat' dir='ltr'>sibi</span> <span class='ocrx_word' id='word_1_12' title='bbox 113 191 179 210; x_wconf 90' lang='lat' dir='ltr'>celitus</span> <span class='ocrx_word' id='word_1_13' title='bbox 189 190 274 209; x_wconf 82' lang='lat' dir='ltr'>beneficii</span> <span class='ocrx_word' id='word_1_14' title='bbox 285 193 303 209; x_wconf 84' lang='lat' dir='ltr'>et</span> <span class='ocrx_word' id='word_1_15' title='bbox 313 191 402 215; x_wconf 78' lang='lat' dir='ltr'>triumphi</span> <span class='ocrx_word' id='word_1_16' title='bbox 411 191 434 209; x_wconf 89' lang='lat' dir='ltr'>de</span> <span class='ocrx_word' id='word_1_17' title='bbox 444 191 513 209; x_wconf 89' lang='lat' dir='ltr'>Ottone</span> <span class='ocrx_word' id='word_1_18' title='bbox 522 191 571 209; x_wconf 82' lang='lat' dir='ltr'>dicto</span> <span class='ocrx_word' id='word_1_19' title='bbox 584 191 618 209; x_wconf 92' lang='lat' dir='ltr'>im·</span> <span class='ocrx_word' id='word_1_20' title='bbox 626 187 650 200; x_wconf 81' lang='lat'>²⁵·</span> 
     </span>
     <span class='ocr_line' id='line_1_4' title="bbox 69 216 618 241; baseline -0.002 -6"><span class='ocrx_word' id='word_1_21' title='bbox 69 219 167 241; x_wconf 66' lang='lat' dir='ltr'>peratore,</span> <span class='ocrx_word' id='word_1_22' title='bbox 185 217 234 241; x_wconf 78' lang='lat' dir='ltr'>apud</span> <span class='ocrx_word' id='word_1_23' title='bbox 243 216 383 240; x_wconf 73' lang='lat' dir='ltr'>Aquisgranum</span> <span class='ocrx_word' id='word_1_24' title='bbox 397 219 465 241; x_wconf 83' lang='lat' dir='ltr'>sponte</span> <span class='ocrx_word' id='word_1_25' title='bbox 479 222 500 234; x_wconf 90' lang='lat' dir='ltr'>se</span> <span class='ocrx_word' id='word_1_26' title='bbox 514 216 575 234; x_wconf 76' lang='lat' dir='ltr'>erucis</span> <span class='ocrx_word' id='word_1_27' title='bbox 588 222 618 234; x_wconf 82' lang='lat' dir='ltr'>ea-</span> 
     </span>
     <span class='ocr_line' id='line_1_5' title="bbox 69 241 254 266; baseline -0.005 -6"><span class='ocrx_word' id='word_1_28' title='bbox 69 244 143 260; x_wconf 73' lang='lat' dir='ltr'>ractere</span> <span class='ocrx_word' id='word_1_29' title='bbox 152 241 254 266; x_wconf 76' lang='lat' dir='ltr'>insignivit.</span> 
     </span>
    </p>

    <p class='ocr_par' dir='ltr' id='par_1_3' title="bbox 65 266 618 1096">
     <span class='ocr_line' id='line_1_6' title="bbox 107 266 617 291; baseline -0.002 -6"><span class='ocrx_word' id='word_1_30' title='bbox 107 267 172 285; x_wconf 79' lang='lat' dir='ltr'>Dictus</span> <span class='ocrx_word' id='word_1_31' title='bbox 185 272 234 291; x_wconf 78' lang='lat' dir='ltr'>papa</span> <span class='ocrx_word' id='word_1_32' title='bbox 247 267 306 285; x_wconf 83' lang='lat' dir='ltr'>Rome</span> <span class='ocrx_word' id='word_1_33' title='bbox 319 267 367 291; x_wconf 87' lang='lat' dir='ltr'>apud</span> <span class='ocrx_word' id='word_1_34' title='bbox 378 266 490 285; x_wconf 71' lang='lat' dir='ltr'>Lateranum</span> <span class='ocrx_word' id='word_1_35' title='bbox 504 267 522 284; x_wconf 90' lang='lat' dir='ltr'>in</span> <span class='ocrx_word' id='word_1_36' title='bbox 536 266 617 285; x_wconf 71' lang='lat' dir='ltr'>ecclesia</span> 
     </span>
     <span class='ocr_line' id='line_1_7' title="bbox 68 291 618 316; baseline 0 -6"><span class='ocrx_word' id='word_1_37' title='bbox 68 292 173 311; x_wconf 78' lang='lat' dir='ltr'>Salvatoris</span> <span class='ocrx_word' id='word_1_38' title='bbox 181 298 218 316; x_wconf 86' lang='lat' dir='ltr'>que</span> <span class='ocrx_word' id='word_1_39' title='bbox 227 291 382 310; x_wconf 76' lang='lat' dir='ltr'>Constantiniana</span> <span class='ocrx_word' id='word_1_40' title='bbox 392 291 458 310; x_wconf 80' lang='lat' dir='ltr'>dicitur</span> <span class='ocrx_word' id='word_1_41' title='bbox 467 294 552 310; x_wconf 76' lang='lat' dir='ltr'>sanctam</span> <span class='ocrx_word' id='word_1_42' title='bbox 563 298 618 316; x_wconf 80' lang='lat' dir='ltr'>syno-</span> 
     </span>
     <span class='ocr_line' id='line_1_8' title="bbox 68 317 618 345; baseline 0 -10"><span class='ocrx_word' id='word_1_43' title='bbox 68 319 113 336; x_wconf 84' lang='lat' dir='ltr'>dum</span> <span class='ocrx_word' id='word_1_44' title='bbox 126 317 234 341; x_wconf 77' lang='lat' dir='ltr'>celebravit7</span> <span class='ocrx_word' id='word_1_45' title='bbox 247 317 265 335; x_wconf 92' lang='lat' dir='ltr'>in</span> <span class='ocrx_word' id='word_1_46' title='bbox 278 323 315 341; x_wconf 85' lang='lat' dir='ltr'>qua</span> <span class='ocrx_word' id='word_1_47' title='bbox 329 323 372 335; x_wconf 83' lang='lat' dir='ltr'>cum</span> <span class='ocrx_word' id='word_1_48' title='bbox 386 317 455 335; x_wconf 79' lang='lat' dir='ltr'>fuerint</span> <span class='ocrx_word' id='word_1_49' title='bbox 467 320 532 345; x_wconf 82' lang='lat' dir='ltr'>patres</span> <span class='ocrx_word' id='word_1_50' title='bbox 544 317 618 335; x_wconf 76' lang='lat' dir='ltr'>circiter</span> 
     </span>
     <span class='ocr_line' id='line_1_9' title="bbox 70 342 618 367; baseline 0 -7"><span class='ocrx_word' id='word_1_51' title='bbox 70 343 207 367; x_wconf 77' lang='lat' dir='ltr'>quadringenti,</span> <span class='ocrx_word' id='word_1_52' title='bbox 221 343 244 360; x_wconf 87' lang='lat' dir='ltr'>‹le</span> <span class='ocrx_word' id='word_1_53' title='bbox 258 342 392 360; x_wconf 75' lang='lat' dir='ltr'>reformatione</span> <span class='ocrx_word' id='word_1_54' title='bbox 406 342 487 360; x_wconf 76' lang='lat' dir='ltr'>ecclesie</span> <span class='ocrx_word' id='word_1_55' title='bbox 501 342 519 360; x_wconf 88' lang='lat' dir='ltr'>in</span> <span class='ocrx_word' id='word_1_56' title='bbox 534 348 568 360; x_wconf 87' lang='lat' dir='ltr'>suo</span> <span class='ocrx_word' id='word_1_57' title='bbox 578 348 618 360; x_wconf 82' lang='lat' dir='ltr'>ser-</span> 
     </span>
     <span class='ocr_line' id='line_1_10' title="bbox 70 367 617 392; baseline 0 -7"><span class='ocrx_word' id='word_1_58' title='bbox 70 373 127 386; x_wconf 81' lang='lat' dir='ltr'>mone</span> <span class='ocrx_word' id='word_1_59' title='bbox 142 367 250 392; x_wconf 65' lang='lat' dir='ltr'>proposuit7</span> <span class='ocrx_word' id='word_1_60' title='bbox 271 370 290 386; x_wconf 86' lang='lat' dir='ltr'>et</span> <span class='ocrx_word' id='word_1_61' title='bbox 306 367 415 385; x_wconf 75' lang='lat' dir='ltr'>liberatione</span> <span class='ocrx_word' id='word_1_62' title='bbox 431 367 550 392; x_wconf 85' lang='lat' dir='ltr'>potissimum</span> <span class='ocrx_word' id='word_1_63' title='bbox 567 370 617 386; x_wconf 86' lang='lat' dir='ltr'>terre</span> 
     </span>
     <span class='ocr_line' id='line_1_11' title="bbox 69 392 617 418; baseline 0 -8"><span class='ocrx_word' id='word_1_64' title='bbox 69 395 144 416; x_wconf 76' lang='lat' dir='ltr'>sancte;</span> <span class='ocrx_word' id='word_1_65' title='bbox 158 393 283 411; x_wconf 80' lang='lat' dir='ltr'>interfuerunt</span> <span class='ocrx_word' id='word_1_66' title='bbox 295 395 358 411; x_wconf 84' lang='lat' dir='ltr'>autem</span> <span class='ocrx_word' id='word_1_67' title='bbox 370 398 437 417; x_wconf 78' lang='lat' dir='ltr'>regum</span> <span class='ocrx_word' id='word_1_68' title='bbox 447 395 466 411; x_wconf 84' lang='lat' dir='ltr'>et</span> <span class='ocrx_word' id='word_1_69' title='bbox 475 392 581 418; x_wconf 78' lang='lat' dir='ltr'>principum</span> <span class='ocrx_word' id='word_1_70' title='bbox 591 395 617 411; x_wconf 83' lang='lat' dir='ltr'>to-</span> 
     </span>
     <span class='ocr_line' id='line_1_12' title="bbox 68 418 618 442; baseline 0 -6"><span class='ocrx_word' id='word_1_71' title='bbox 68 418 105 436; x_wconf 83' lang='lat' dir='ltr'>tius</span> <span class='ocrx_word' id='word_1_72' title='bbox 115 418 165 436; x_wconf 86' lang='lat' dir='ltr'>orbis</span> <span class='ocrx_word' id='word_1_73' title='bbox 175 418 241 441; x_wconf 75' lang='lat' dir='ltr'>nuntii,</span> <span class='ocrx_word' id='word_1_74' title='bbox 253 418 327 442; x_wconf 78' lang='lat' dir='ltr'>legatus</span> <span class='ocrx_word' id='word_1_75' title='bbox 337 424 412 442; x_wconf 82' lang='lat' dir='ltr'>quoque</span> <span class='ocrx_word' id='word_1_76' title='bbox 422 418 472 442; x_wconf 78' lang='lat' dir='ltr'>regis</span> <span class='ocrx_word' id='word_1_77' title='bbox 482 418 575 436; x_wconf 82' lang='lat' dir='ltr'>Frederici</span> <span class='ocrx_word' id='word_1_78' title='bbox 585 418 618 436; x_wconf 74' lang='lat' dir='ltr'>Pa-</span> 
     </span>
     <span class='ocr_line' id='line_1_13' title="bbox 69 443 617 467; baseline 0 -6"><span class='ocrx_word' id='word_1_79' title='bbox 69 443 186 461; x_wconf 81' lang='lat' dir='ltr'>normitanus</span> <span class='ocrx_word' id='word_1_80' title='bbox 196 443 351 467; x_wconf 77' lang='lat' dir='ltr'>archiepiscopus</span> <span class='ocrx_word' id='word_1_81' title='bbox 359 443 452 461; x_wconf 84' lang='lat' dir='ltr'>Berardus</span> <span class='ocrx_word' id='word_1_82' title='bbox 461 443 543 467; x_wconf 81' lang='lat' dir='ltr'>nomine⁷</span> <span class='ocrx_word' id='word_1_83' title='bbox 554 446 572 461; x_wconf 87' lang='lat' dir='ltr'>et</span> <span class='ocrx_word' id='word_1_84' title='bbox 579 443 617 461; x_wconf 86' lang='lat' dir='ltr'>Me-</span> 
     </span>
     <span class='ocr_line' id='line_1_14' title="bbox 67 468 616 493; baseline 0 -7"><span class='ocrx_word' id='word_1_85' title='bbox 67 468 183 487; x_wconf 79' lang='lat' dir='ltr'>diolanensis</span> <span class='ocrx_word' id='word_1_86' title='bbox 196 468 272 493; x_wconf 82' lang='lat' dir='ltr'>quidam</span> <span class='ocrx_word' id='word_1_87' title='bbox 284 474 317 493; x_wconf 78' lang='lat' dir='ltr'>pro</span> <span class='ocrx_word' id='word_1_88' title='bbox 327 471 380 493; x_wconf 84' lang='lat' dir='ltr'>parte</span> <span class='ocrx_word' id='word_1_89' title='bbox 390 468 464 487; x_wconf 78' lang='lat' dir='ltr'>Ottonis</span> <span class='ocrx_word' id='word_1_90' title='bbox 474 469 497 486; x_wconf 87' lang='lat' dir='ltr'>ad</span> <span class='ocrx_word' id='word_1_91' title='bbox 507 469 616 487; x_wconf 78' lang='lat' dir='ltr'>mandatum</span> 
     </span>
     <span class='ocr_line' id='line_1_15' title="bbox 68 493 617 515; baseline 0.002 -4"><span class='ocrx_word' id='word_1_92' title='bbox 68 494 149 512; x_wconf 81' lang='lat' dir='ltr'>ecclesie</span> <span class='ocrx_word' id='word_1_93' title='bbox 159 494 220 512; x_wconf 83' lang='lat' dir='ltr'>redire</span> <span class='ocrx_word' id='word_1_94' title='bbox 230 494 316 512; x_wconf 81' lang='lat' dir='ltr'>volentis.</span> <span class='ocrx_word' id='word_1_95' title='bbox 336 493 408 515; x_wconf 81' lang='lat' dir='ltr'>Quibus</span> <span class='ocrx_word' id='word_1_96' title='bbox 417 494 502 512; x_wconf 80' lang='lat' dir='ltr'>marchio</span> <span class='ocrx_word' id='word_1_97' title='bbox 512 494 617 512; x_wconf 80' lang='lat' dir='ltr'>Montisfer-</span> 
     </span>
     <span class='ocr_line' id='line_1_16' title="bbox 68 518 617 543; baseline 0.002 -7"><span class='ocrx_word' id='word_1_98' title='bbox 68 519 110 541; x_wconf 71' lang='lat' dir='ltr'>rati,</span> <span class='ocrx_word' id='word_1_99' title='bbox 119 519 150 542; x_wconf 83' lang='lat' dir='ltr'>qui</span> <span class='ocrx_word' id='word_1_100' title='bbox 160 521 201 537; x_wconf 84' lang='lat' dir='ltr'>erat</span> <span class='ocrx_word' id='word_1_101' title='bbox 210 525 243 543; x_wconf 87' lang='lat' dir='ltr'>pro</span> <span class='ocrx_word' id='word_1_102' title='bbox 254 521 306 543; x_wconf 84' lang='lat' dir='ltr'>parte</span> <span class='ocrx_word' id='word_1_103' title='bbox 316 518 367 543; x_wconf 81' lang='lat' dir='ltr'>regis</span> <span class='ocrx_word' id='word_1_104' title='bbox 377 518 443 543; x_wconf 79' lang='lat' dir='ltr'>ipsius7</span> <span class='ocrx_word' id='word_1_105' title='bbox 455 519 586 537; x_wconf 80' lang='lat' dir='ltr'>adversarium</span> <span class='ocrx_word' id='word_1_106' title='bbox 596 525 617 537; x_wconf 88' lang='lat' dir='ltr'>se</span> 
     </span>
     <span class='ocr_line' id='line_1_17' title="bbox 68 544 618 568; baseline 0.002 -7"><span class='ocrx_word' id='word_1_107' title='bbox 68 549 175 568; x_wconf 81' lang='lat' dir='ltr'>opponens⁷</span> <span class='ocrx_word' id='word_1_108' title='bbox 185 544 233 567; x_wconf 86' lang='lat' dir='ltr'>quod</span> <span class='ocrx_word' id='word_1_109' title='bbox 243 549 276 568; x_wconf 84' lang='lat' dir='ltr'>pro</span> <span class='ocrx_word' id='word_1_110' title='bbox 284 544 353 562; x_wconf 79' lang='lat' dir='ltr'>Ottone</span> <span class='ocrx_word' id='word_1_111' title='bbox 360 544 401 568; x_wconf 90' lang='lat' dir='ltr'>ipso</span> <span class='ocrx_word' id='word_1_112' title='bbox 410 550 446 562; x_wconf 87' lang='lat' dir='ltr'>non</span> <span class='ocrx_word' id='word_1_113' title='bbox 455 544 545 562; x_wconf 82' lang='lat' dir='ltr'>deberent</span> <span class='ocrx_word' id='word_1_114' title='bbox 552 544 618 568; x_wconf 74' lang='lat' dir='ltr'>audiri⁷</span> 
     </span>
     <span class='ocr_line' id='line_1_18' title="bbox 68 568 618 594; baseline 0.002 -8"><span class='ocrx_word' id='word_1_115' title='bbox 68 574 101 587; x_wconf 83' lang='lat' dir='ltr'>sex</span> <span class='ocrx_word' id='word_1_116' title='bbox 110 568 128 586; x_wconf 88' lang='lat' dir='ltr'>in</span> <span class='ocrx_word' id='word_1_117' title='bbox 136 568 218 587; x_wconf 86' lang='lat' dir='ltr'>medium</span> <span class='ocrx_word' id='word_1_118' title='bbox 229 568 310 593; x_wconf 75' lang='lat' dir='ltr'>capitula</span> <span class='ocrx_word' id='word_1_119' title='bbox 320 568 400 593; x_wconf 85' lang='lat' dir='ltr'>protulit.</span> <span class='ocrx_word' id='word_1_120' title='bbox 424 569 506 587; x_wconf 83' lang='lat' dir='ltr'>Primum</span> <span class='ocrx_word' id='word_1_121' title='bbox 517 569 560 594; x_wconf 78' lang='lat' dir='ltr'>quia</span> <span class='ocrx_word' id='word_1_122' title='bbox 569 569 618 587; x_wconf 82' lang='lat' dir='ltr'>iura-</span> 
     </span>
     <span class='ocr_line' id='line_1_19' title="bbox 68 594 618 618; baseline 0.002 -7"><span class='ocrx_word' id='word_1_123' title='bbox 68 596 154 612; x_wconf 79' lang='lat' dir='ltr'>mentum</span> <span class='ocrx_word' id='word_1_124' title='bbox 163 594 212 618; x_wconf 77' lang='lat' dir='ltr'>quod</span> <span class='ocrx_word' id='word_1_125' title='bbox 220 594 305 612; x_wconf 82' lang='lat' dir='ltr'>Romane</span> <span class='ocrx_word' id='word_1_126' title='bbox 315 594 396 612; x_wconf 81' lang='lat' dir='ltr'>ecclesie</span> <span class='ocrx_word' id='word_1_127' title='bbox 405 594 476 612; x_wconf 75' lang='lat' dir='ltr'>fecerat</span> <span class='ocrx_word' id='word_1_128' title='bbox 484 600 521 612; x_wconf 91' lang='lat' dir='ltr'>non</span> <span class='ocrx_word' id='word_1_129' title='bbox 529 594 618 618; x_wconf 66' lang='lat' dir='ltr'>servavit7</span> 
     </span>
     <span class='ocr_line' id='line_1_20' title="bbox 67 618 617 644; baseline 0.002 -7"><span class='ocrx_word' id='word_1_130' title='bbox 67 621 88 637; x_wconf 87' lang='lat' dir='ltr'>ut</span> <span class='ocrx_word' id='word_1_131' title='bbox 97 618 165 637; x_wconf 85' lang='lat' dir='ltr'>debuit.</span> <span class='ocrx_word' id='word_1_132' title='bbox 191 619 299 638; x_wconf 83' lang='lat' dir='ltr'>Secundum</span> <span class='ocrx_word' id='word_1_133' title='bbox 312 619 355 644; x_wconf 87' lang='lat' dir='ltr'>quia</span> <span class='ocrx_word' id='word_1_134' title='bbox 367 622 444 644; x_wconf 83' lang='lat' dir='ltr'>propter</span> <span class='ocrx_word' id='word_1_135' title='bbox 453 626 490 644; x_wconf 84' lang='lat' dir='ltr'>que</span> <span class='ocrx_word' id='word_1_136' title='bbox 500 619 534 638; x_wconf 84' lang='lat' dir='ltr'>fuit</span> <span class='ocrx_word' id='word_1_137' title='bbox 543 626 617 638; x_wconf 74' lang='lat' dir='ltr'>excom-</span> 
     </span>
     <span class='ocr_line' id='line_1_21' title="bbox 68 644 617 669; baseline 0.002 -7"><span class='ocrx_word' id='word_1_138' title='bbox 68 644 175 662; x_wconf 84' lang='lat' dir='ltr'>municatus</span> <span class='ocrx_word' id='word_1_139' title='bbox 189 645 250 663; x_wconf 85' lang='lat' dir='ltr'>adhuc</span> <span class='ocrx_word' id='word_1_140' title='bbox 263 644 345 668; x_wconf 57' lang='lat' dir='ltr'>detinet5</span> <span class='ocrx_word' id='word_1_141' title='bbox 359 651 395 663; x_wconf 80' lang='lat' dir='ltr'>nec</span> <span class='ocrx_word' id='word_1_142' title='bbox 407 645 494 669; x_wconf 70' lang='lat' dir='ltr'>reddidit7</span> <span class='ocrx_word' id='word_1_143' title='bbox 511 648 530 663; x_wconf 86' lang='lat' dir='ltr'>ut</span> <span class='ocrx_word' id='word_1_144' title='bbox 544 645 617 663; x_wconf 84' lang='lat' dir='ltr'>iuravit.</span> 
     </span>
     <span class='ocr_line' id='line_1_22' title="bbox 68 669 617 694; baseline 0.002 -7"><span class='ocrx_word' id='word_1_145' title='bbox 68 669 152 688; x_wconf 80' lang='lat' dir='ltr'>Tertium</span> <span class='ocrx_word' id='word_1_146' title='bbox 160 670 203 694; x_wconf 74' lang='lat' dir='ltr'>quia</span> <span class='ocrx_word' id='word_1_147' title='bbox 212 670 323 694; x_wconf 85' lang='lat' dir='ltr'>episcopum</span> <span class='ocrx_word' id='word_1_148' title='bbox 331 671 425 694; x_wconf 73' lang='lat' dir='ltr'>quendam</span> <span class='ocrx_word' id='word_1_149' title='bbox 433 671 617 689; x_wconf 74' lang='lat' dir='ltr'>excommunicatum</span> 
     </span>
     <span class='ocr_line' id='line_1_23' title="bbox 68 695 617 720; baseline 0.002 -7"><span class='ocrx_word' id='word_1_150' title='bbox 68 697 164 719; x_wconf 76' lang='lat' dir='ltr'>tamquam</span> <span class='ocrx_word' id='word_1_151' title='bbox 170 695 328 720; x_wconf 79' lang='lat' dir='ltr'>ipsinsfautorem</span> <span class='ocrx_word' id='word_1_152' title='bbox 335 695 398 713; x_wconf 84' lang='lat' dir='ltr'>nititur</span> <span class='ocrx_word' id='word_1_153' title='bbox 405 695 511 714; x_wconf 79' lang='lat' dir='ltr'>confovere.</span> <span class='ocrx_word' id='word_1_154' title='bbox 525 696 617 718; x_wconf 72' lang='lat' dir='ltr'>Quartum</span> 
     </span>
     <span class='ocr_line' id='line_1_24' title="bbox 68 720 617 744; baseline 0.002 -6"><span class='ocrx_word' id='word_1_155' title='bbox 68 720 111 744; x_wconf 78' lang='lat' dir='ltr'>quia</span> <span class='ocrx_word' id='word_1_156' title='bbox 121 720 205 744; x_wconf 80' lang='lat' dir='ltr'>legatum</span> <span class='ocrx_word' id='word_1_157' title='bbox 215 720 325 744; x_wconf 84' lang='lat' dir='ltr'>episcopum</span> <span class='ocrx_word' id='word_1_158' title='bbox 335 720 392 738; x_wconf 68' lang='lat' dir='ltr'>alium</span> <span class='ocrx_word' id='word_1_159' title='bbox 403 726 471 744; x_wconf 78' lang='lat' dir='ltr'>capere</span> <span class='ocrx_word' id='word_1_160' title='bbox 484 723 503 738; x_wconf 91' lang='lat' dir='ltr'>et</span> <span class='ocrx_word' id='word_1_161' title='bbox 512 720 530 738; x_wconf 88' lang='lat' dir='ltr'>in</span> <span class='ocrx_word' id='word_1_162' title='bbox 540 721 617 739; x_wconf 84' lang='lat' dir='ltr'>maioris</span> 
     </span>
     <span class='ocr_line' id='line_1_25' title="bbox 67 745 617 770; baseline 0 -7"><span class='ocrx_word' id='word_1_163' title='bbox 67 745 169 770; x_wconf 81' lang='lat' dir='ltr'>iniqnitatis</span> <span class='ocrx_word' id='word_1_164' title='bbox 182 745 277 763; x_wconf 85' lang='lat' dir='ltr'>cumulum</span> <span class='ocrx_word' id='word_1_165' title='bbox 288 745 405 763; x_wconf 83' lang='lat' dir='ltr'>incarcerare</span> <span class='ocrx_word' id='word_1_166' title='bbox 416 745 537 770; x_wconf 82' lang='lat' dir='ltr'>presumpsit.</span> <span class='ocrx_word' id='word_1_167' title='bbox 560 746 617 768; x_wconf 48' lang='lat' dir='ltr'>Quin*</span> 
     </span>
     <span class='ocr_line' id='line_1_26' title="bbox 67 770 617 795; baseline 0.002 -7"><span class='ocrx_word' id='word_1_168' title='bbox 67 773 107 788; x_wconf 88' lang='lat' dir='ltr'>tum</span> <span class='ocrx_word' id='word_1_169' title='bbox 120 770 162 794; x_wconf 85' lang='lat' dir='ltr'>quia</span> <span class='ocrx_word' id='word_1_170' title='bbox 177 770 194 788; x_wconf 92' lang='lat' dir='ltr'>in</span> <span class='ocrx_word' id='word_1_171' title='bbox 209 773 338 794; x_wconf 85' lang='lat' dir='ltr'>contemptum</span> <span class='ocrx_word' id='word_1_172' title='bbox 353 771 437 788; x_wconf 76' lang='lat' dir='ltr'>Romane</span> <span class='ocrx_word' id='word_1_173' title='bbox 453 771 534 789; x_wconf 82' lang='lat' dir='ltr'>ecclesie</span> <span class='ocrx_word' id='word_1_174' title='bbox 550 777 617 795; x_wconf 72' lang='lat' dir='ltr'>regem</span> 
     </span>
     <span class='ocr_line' id='line_1_27' title="bbox 68 795 617 820; baseline 0.002 -7"><span class='ocrx_word' id='word_1_175' title='bbox 68 795 187 813; x_wconf 83' lang='lat' dir='ltr'>Fredericum</span> <span class='ocrx_word' id='word_1_176' title='bbox 200 801 265 819; x_wconf 80' lang='lat' dir='ltr'>regem</span> <span class='ocrx_word' id='word_1_177' title='bbox 278 795 380 820; x_wconf 80' lang='lat' dir='ltr'>appellavit</span> <span class='ocrx_word' id='word_1_178' title='bbox 390 797 548 820; x_wconf 83' lang='lat' dir='ltr'>presbyterorum.</span> <span class='ocrx_word' id='word_1_179' title='bbox 572 796 617 815; x_wconf 85' lang='lat' dir='ltr'>Sex-</span> 
     </span>
     <span class='ocr_line' id='line_1_28' title="bbox 68 820 617 845; baseline 0.002 -7"><span class='ocrx_word' id='word_1_180' title='bbox 68 823 108 838; x_wconf 85' lang='lat' dir='ltr'>tum</span> <span class='ocrx_word' id='word_1_181' title='bbox 114 820 155 845; x_wconf 82' lang='lat' dir='ltr'>quia</span> <span class='ocrx_word' id='word_1_182' title='bbox 162 821 255 845; x_wconf 77' lang='lat' dir='ltr'>quoddam</span> <span class='ocrx_word' id='word_1_183' title='bbox 263 821 372 839; x_wconf 86' lang='lat' dir='ltr'>monialium</span> <span class='ocrx_word' id='word_1_184' title='bbox 377 821 513 839; x_wconf 85' lang='lat' dir='ltr'>monasterium</span> <span class='ocrx_word' id='word_1_185' title='bbox 519 822 617 845; x_wconf 73' lang='lat' dir='ltr'>destruxit,</span> 
     </span>
     <span class='ocr_line' id='line_1_29' title="bbox 68 846 617 871; baseline 0.002 -7"><span class='ocrx_word' id='word_1_186' title='bbox 68 848 86 864; x_wconf 86' lang='lat' dir='ltr'>et</span> <span class='ocrx_word' id='word_1_187' title='bbox 100 846 161 864; x_wconf 81' lang='lat' dir='ltr'>erexit</span> <span class='ocrx_word' id='word_1_188' title='bbox 173 846 191 864; x_wconf 92' lang='lat' dir='ltr'>in</span> <span class='ocrx_word' id='word_1_189' title='bbox 206 852 275 864; x_wconf 81' lang='lat' dir='ltr'>arcem.</span> <span class='ocrx_word' id='word_1_190' title='bbox 299 847 371 864; x_wconf 85' lang='lat' dir='ltr'>Adiecit</span> <span class='ocrx_word' id='word_1_191' title='bbox 384 847 448 870; x_wconf 77' lang='lat' dir='ltr'>etiam,</span> <span class='ocrx_word' id='word_1_192' title='bbox 462 847 511 871; x_wconf 85' lang='lat' dir='ltr'>quod</span> <span class='ocrx_word' id='word_1_193' title='bbox 525 853 567 865; x_wconf 80' lang='lat' dir='ltr'>cum</span> <span class='ocrx_word' id='word_1_194' title='bbox 581 847 617 871; x_wconf 84' lang='lat' dir='ltr'>ipsi</span> 
     </span>
     <span class='ocr_line' id='line_1_30' title="bbox 67 871 617 890; baseline 0 -1"><span class='ocrx_word' id='word_1_195' title='bbox 67 871 220 889; x_wconf 77' lang='lat' dir='ltr'>Mediolanenses</span> <span class='ocrx_word' id='word_1_196' title='bbox 234 871 290 889; x_wconf 84' lang='lat' dir='ltr'>simili</span> <span class='ocrx_word' id='word_1_197' title='bbox 303 874 368 890; x_wconf 82' lang='lat' dir='ltr'>essent</span> <span class='ocrx_word' id='word_1_198' title='bbox 380 872 575 890; x_wconf 77' lang='lat' dir='ltr'>excommunicatione</span> <span class='ocrx_word' id='word_1_199' title='bbox 585 877 617 889; x_wconf 88' lang='lat' dir='ltr'>no-</span> 
     </span>
     <span class='ocr_line' id='line_1_31' title="bbox 67 896 616 924; baseline 0.002 -11"><span class='ocrx_word' id='word_1_200' title='bbox 67 896 107 919; x_wconf 77' lang='lat' dir='ltr'>tati7</span> <span class='ocrx_word' id='word_1_201' title='bbox 121 898 216 920; x_wconf 81' lang='lat' dir='ltr'>tamquam</span> <span class='ocrx_word' id='word_1_202' title='bbox 227 896 286 924; x_wconf 89' lang='lat' dir='ltr'>ipsius</span> <span class='ocrx_word' id='word_1_203' title='bbox 296 896 370 915; x_wconf 87' lang='lat' dir='ltr'>Ottonis</span> <span class='ocrx_word' id='word_1_204' title='bbox 380 897 483 921; x_wconf 84' lang='lat' dir='ltr'>complices</span> <span class='ocrx_word' id='word_1_205' title='bbox 496 899 514 914; x_wconf 83' lang='lat' dir='ltr'>et</span> <span class='ocrx_word' id='word_1_206' title='bbox 527 897 616 920; x_wconf 63' lang='lat' dir='ltr'>fautores,</span> 
     </span>
     <span class='ocr_line' id='line_1_32' title="bbox 68 921 616 947; baseline 0.002 -9"><span class='ocrx_word' id='word_1_207' title='bbox 68 923 86 938; x_wconf 89' lang='lat' dir='ltr'>et</span> <span class='ocrx_word' id='word_1_208' title='bbox 96 921 139 945; x_wconf 84' lang='lat' dir='ltr'>quia</span> <span class='ocrx_word' id='word_1_209' title='bbox 150 927 215 939; x_wconf 83' lang='lat' dir='ltr'>eorum</span> <span class='ocrx_word' id='word_1_210' title='bbox 225 921 291 940; x_wconf 70' lang='lat' dir='ltr'>civitas</span> <span class='ocrx_word' id='word_1_211' title='bbox 301 922 404 940; x_wconf 77' lang='lat' dir='ltr'>Paterenos</span> <span class='ocrx_word' id='word_1_212' title='bbox 414 921 495 946; x_wconf 64' lang='lat' dir='ltr'>fovebat,</span> <span class='ocrx_word' id='word_1_213' title='bbox 505 922 554 940; x_wconf 80' lang='lat' dir='ltr'>nulla</span> <span class='ocrx_word' id='word_1_214' title='bbox 565 928 616 947; x_wconf 84' lang='lat' dir='ltr'>pror-</span> 
     </span>
     <span class='ocr_line' id='line_1_33' title="bbox 68 946 616 968; baseline 0.004 -4"><span class='ocrx_word' id='word_1_215' title='bbox 68 952 101 964; x_wconf 87' lang='lat' dir='ltr'>sus</span> <span class='ocrx_word' id='word_1_216' title='bbox 110 946 203 964; x_wconf 81' lang='lat' dir='ltr'>debebant</span> <span class='ocrx_word' id='word_1_217' title='bbox 210 946 281 964; x_wconf 80' lang='lat' dir='ltr'>ratione</span> <span class='ocrx_word' id='word_1_218' title='bbox 289 947 353 965; x_wconf 78' lang='lat' dir='ltr'>audiri.</span> <span class='ocrx_word' id='word_1_219' title='bbox 369 947 422 968; x_wconf 77' lang='lat' dir='ltr'>Quod</span> <span class='ocrx_word' id='word_1_220' title='bbox 431 953 473 965; x_wconf 82' lang='lat' dir='ltr'>cum</span> <span class='ocrx_word' id='word_1_221' title='bbox 482 947 562 966; x_wconf 82' lang='lat' dir='ltr'>moleste</span> <span class='ocrx_word' id='word_1_222' title='bbox 569 948 616 966; x_wconf 75' lang='lat' dir='ltr'>satis</span> 
     </span>
     <span class='ocr_line' id='line_1_34' title="bbox 68 971 615 998; baseline 0.004 -9"><span class='ocrx_word' id='word_1_223' title='bbox 68 971 138 989; x_wconf 76' lang='lat' dir='ltr'>ferrent</span> <span class='ocrx_word' id='word_1_224' title='bbox 145 971 298 990; x_wconf 80' lang='lat' dir='ltr'>Mediolanenses</span> <span class='ocrx_word' id='word_1_225' title='bbox 307 972 349 996; x_wconf 69' lang='lat' dir='ltr'>ipsi³</span> <span class='ocrx_word' id='word_1_226' title='bbox 359 974 378 996; x_wconf 72' lang='lat' dir='ltr'>et</span> <span class='ocrx_word' id='word_1_227' title='bbox 387 972 457 990; x_wconf 85' lang='lat' dir='ltr'>vellent</span> <span class='ocrx_word' id='word_1_228' title='bbox 467 972 569 991; x_wconf 79' lang='lat' dir='ltr'>marchioni</span> <span class='ocrx_word' id='word_1_229' title='bbox 579 972 615 998; x_wconf 91' lang='lat' dir='ltr'>ipsi</span> 
     </span>
     <span class='ocr_line' id='line_1_35' title="bbox 66 996 615 1023; baseline 0.004 -9"><span class='ocrx_word' id='word_1_230' title='bbox 66 996 85 1014; x_wconf 90' lang='lat' dir='ltr'>in</span> <span class='ocrx_word' id='word_1_231' title='bbox 95 996 210 1015; x_wconf 85' lang='lat' dir='ltr'>contrarium</span> <span class='ocrx_word' id='word_1_232' title='bbox 220 997 343 1021; x_wconf 68' lang='lat' dir='ltr'>respondere,</span> <span class='ocrx_word' id='word_1_233' title='bbox 353 997 395 1022; x_wconf 86' lang='lat' dir='ltr'>quia</span> <span class='ocrx_word' id='word_1_234' title='bbox 405 1003 449 1022; x_wconf 85' lang='lat' dir='ltr'>pars</span> <span class='ocrx_word' id='word_1_235' title='bbox 460 1001 538 1023; x_wconf 81' lang='lat' dir='ltr'>utraque</span> <span class='ocrx_word' id='word_1_236' title='bbox 546 998 563 1016; x_wconf 91' lang='lat' dir='ltr'>in</span> <span class='ocrx_word' id='word_1_237' title='bbox 572 1004 615 1016; x_wconf 87' lang='lat' dir='ltr'>con-</span> 
     </span>
     <span class='ocr_line' id='line_1_36' title="bbox 67 1022 615 1048; baseline 0.002 -8"><span class='ocrx_word' id='word_1_238' title='bbox 67 1022 154 1040; x_wconf 82' lang='lat' dir='ltr'>tumelias</span> <span class='ocrx_word' id='word_1_239' title='bbox 167 1023 307 1047; x_wconf 76' lang='lat' dir='ltr'>prorumpebat,</span> <span class='ocrx_word' id='word_1_240' title='bbox 321 1023 344 1041; x_wconf 85' lang='lat' dir='ltr'>de</span> <span class='ocrx_word' id='word_1_241' title='bbox 357 1022 404 1041; x_wconf 86' lang='lat' dir='ltr'>solio</span> <span class='ocrx_word' id='word_1_242' title='bbox 418 1029 452 1041; x_wconf 84' lang='lat' dir='ltr'>suo</span> <span class='ocrx_word' id='word_1_243' title='bbox 466 1023 553 1042; x_wconf 85' lang='lat' dir='ltr'>dominus</span> <span class='ocrx_word' id='word_1_244' title='bbox 566 1029 615 1048; x_wconf 77' lang='lat' dir='ltr'>papa</span> 
     </span>
     <span class='ocr_line' id='line_1_37' title="bbox 67 1047 615 1073; baseline 0.004 -8"><span class='ocrx_word' id='word_1_245' title='bbox 67 1053 124 1065; x_wconf 89' lang='lat' dir='ltr'>manu</span> <span class='ocrx_word' id='word_1_246' title='bbox 133 1047 199 1071; x_wconf 80' lang='lat' dir='ltr'>innuit⁷</span> <span class='ocrx_word' id='word_1_247' title='bbox 209 1050 227 1065; x_wconf 87' lang='lat' dir='ltr'>et</span> <span class='ocrx_word' id='word_1_248' title='bbox 237 1048 376 1072; x_wconf 78' lang='lat' dir='ltr'>egredientibus</span> <span class='ocrx_word' id='word_1_249' title='bbox 387 1048 455 1067; x_wconf 84' lang='lat' dir='ltr'>ceteris</span> <span class='ocrx_word' id='word_1_250' title='bbox 465 1048 506 1073; x_wconf 78' lang='lat' dir='ltr'>ipse</span> <span class='ocrx_word' id='word_1_251' title='bbox 514 1048 615 1067; x_wconf 75' lang='lat' dir='ltr'>ecelesiam</span> 
     </span>
     <span class='ocr_line' id='line_1_38' title="bbox 65 1077 340 1096; baseline 0.007 -5"><span class='ocrx_word' id='word_1_252' title='bbox 65 1078 78 1095; x_wconf 79' lang='grc' dir='ltr'>ι)</span> <span class='ocrx_word' id='word_1_253' title='bbox 88 1077 108 1091; x_wconf 71' lang='lat' dir='ltr'>En</span> <span class='ocrx_word' id='word_1_254' title='bbox 117 1086 133 1089; x_wconf 76' lang='lat'><em>-</em></span> <span class='ocrx_word' id='word_1_255' title='bbox 142 1079 211 1096; x_wconf 65' lang='grc' dir='ltr'>ῡιιιῑςιιῑνίι</span> <span class='ocrx_word' id='word_1_256' title='bbox 220 1080 294 1093; x_wconf 67' lang='lat' dir='ltr'>aerumma</span> <span class='ocrx_word' id='word_1_257' title='bbox 303 1080 340 1094; x_wconf 71' lang='lat' dir='ltr'>imm.</span> 
     </span>
    </p>
   </div>
  </div>
 </body>
</html>
