769 1252
116 704 150 721 Apr.

124 722 159 735 1⁵.-

154 123 166 140 8
253 122 394 141 RYCCARDUS
408 122 439 141 DE
453 122 471 141 S.
486 122 602 141 GERMANO

192 172 231 190 Rex
245 172 305 191 dictus
315 172 423 191 Tancredus
436 173 459 191 de
469 173 531 191 Sicilia
546 173 564 191 in
574 173 661 197 Apuliam
672 179 704 191 ve-

155 198 216 221 niens⁷
223 197 324 222 sollempni
332 198 382 215 curia
390 198 439 222 apud
445 198 543 216 Termulas
552 198 613 216 habita
620 198 639 216 in
645 199 703 222 Apru-

155 223 200 241 tium
211 223 267 246 vadit-¹
277 223 365 241 comitem
373 223 490 246 Raynaldum
500 223 578 247 obsidet,
589 229 670 248 eumque
680 224 703 241 ad

156 254 210 266 suam
224 248 285 266 redire
299 248 408 266 fidelitatem
421 248 492 272 coegit3
507 251 525 266 et
540 249 607 267 exinde
619 248 704 267 Brundu-

156 273 205 291 sium
215 279 236 291 se
246 273 353 297 conferens⁷
366 274 389 292 de
403 273 461 291 altero
474 273 554 292 filiorum
568 279 645 292 suorum
655 274 704 298 Rog-

155 298 208 323 gerio
221 298 287 322 silicet,
302 304 344 316 cum
354 299 436 317 Ysacbio
449 298 655 323 Constantinopolitano
670 299 704 317 irn-

156 326 242 348 peratore
255 324 278 342 de
292 324 360 342 Urania
375 323 412 342 filia
427 330 460 342 sua
475 324 572 342 contraxit.
597 324 618 342 Et
633 324 703 348 nuptiis

155 351 200 373 aput
209 349 335 367 Brundusium
344 348 445 373 magnifice
459 349 564 372 celebratis,
578 349 640 373 ibique
654 349 703 367 dicto

155 374 192 392 filio
200 380 235 392 suo
242 377 332 392 coronato
339 374 357 392 in
365 380 437 398 regem,
447 380 479 392 rex
490 374 550 392 dictus
558 380 600 392 cum
608 374 703 399 triumpho

156 402 174 417 et
183 399 242 424 gloria
250 399 268 417 in
276 399 358 418 Siciliam
366 399 465 423 remeavit,
474 402 493 417 et
500 402 544 417 tunc
551 405 626 417 roccam
634 399 703 417 Bantre

155 427 174 443 et
190 430 265 443 roccam
281 424 374 443 Guilielmi
391 424 473 442 Roffrido
488 424 587 443 Casinensi
600 424 661 443 abbati
673 430 703 443 as-

155 449 225 474 signari
235 449 336 468 mandavit.
363 449 446 472 Quarum
458 450 544 474 alteram,
557 450 618 468 silicet
627 455 702 468 roccam

155 475 250 499 Wilielmi
263 475 304 500 ipse
318 476 376 493 abbas
390 475 440 493 dedit
453 475 526 493 cuidam
539 464 596 493 ⁷nobili
610 475 703 493 Robberto

155 501 180 518 de
187 500 268 524 Apolita
283 506 326 518 cum
337 506 374 524 quo
383 501 406 518 de
416 506 481 518 sorore
491 506 525 518 sua
535 500 633 524 contraxit
646 506 703 524 quam

155 526 229 544 Herveo
242 525 279 543 filiu
294 525 299 543 i
314 525 352 543 sius
366 525 432 543 nobilis
445 525 463 543 in
477 525 577 549 coniugem
587 525 670 549 tradidit,
683 527 703 543 et

155 551 257 579 reliquam,⁴
274 550 335 569 sihcet
348 556 423 569 roccam
437 550 516 574 Bantre
529 551 551 568 ad
565 556 614 575 opus
627 550 703 568 retinuit

156 575 264 594 monasterii
274 576 391 599 Casinensis,
401 581 474 600 ponens
484 576 502 593 in
510 581 531 593 ea
539 576 637 594 custodem
645 581 702 600 quen-

156 602 198 619 dam
206 601 285 619 militem
293 601 369 619 Petrum
377 601 400 619 de
407 601 479 624 Aymon
485 604 491 611 ¹
500 601 633 619 consobrinum
641 607 702 619 suum.

193 626 284 645 Henricus
298 632 330 644 rex
344 632 386 644 cum
399 626 508 644 Constantia
523 629 610 644 consorte
624 632 665 649 sua⁷
679 627 701 644 ad

155 657 212 676 quam
227 657 307 675 regnum
322 651 385 669 Sicilie
400 651 440 669 iure
456 652 575 670 successorio
590 651 702 676 pertinebat,

156 677 235 695 Romam
252 676 312 700 venit3
328 683 384 701 quem
399 676 458 695 dictus
472 677 578 695 Celestinus
591 683 639 701 papa
652 677 701 701 apud

155 702 245 720 Sanctum
252 702 326 720 Petrum
334 702 352 720 in
359 702 501 726 imperatorem
508 704 527 720 et
534 704 641 720 consortem
647 707 701 720 suam

155 733 173 745 m
183 727 322 751 imperatricem
332 727 438 751 coronavi13
452 728 495 745 dato
505 727 542 746 ab
537 733 578 752 ipso
588 727 701 751 imperatore

155 752 261 771 Tusculano
271 752 367 776 Romanis,
372 758 433 781 ‘quam
443 752 526 771 funditus
535 753 672 771 destruxerunt.

192 778 245 796 Tunc
258 778 361 802 imperator
371 777 412 802 ipse
425 783 505 802 regnum
519 777 575 796 intrat
587 783 654 796 mense
663 777 701 795 Ma-

155 803 189 821 dii*
194 809 251 831 papa
264 803 375 827 prohibente
385 805 404 821 et
413 803 559 827 contradicente,
573 805 592 821 et
604 809 638 827 per
647 803 701 821 Cam-

154 828 231 852 paniam
243 828 295 846 venit
307 828 326 846 in
339 834 413 846 roccam
423 828 482 852 Arois,
494 834 550 853 quam
554 817 646 846 ⁷Matheus
656 828 701 846 Bur-

154 853 212 872 renus
228 859 262 878 pro
277 853 320 882 ipso
335 859 381 878 rege
397 842 482 877 tenebat}
500 859 510 871 a
526 853 646 872 bellatoribus
662 852 701 871 suis

155 879 233 903 aggredi
246 878 325 903 faciens,
336 879 354 897 vi
367 879 417 903 cepit
426 879 516 902 eandem3
529 879 577 903 quod
587 878 633 897 tanti
643 884 700 896 eausa

154 904 227 922 timoris
242 904 286 927 fuit⁷
305 907 325 922 ut
340 904 371 929 qui
385 910 406 922 se
420 904 438 922 in
452 904 521 922 Casino
533 906 644 928 receperant
657 909 700 921 cum

154 930 210 947 rebus
226 929 265 947 suis
279 929 366 948 homines
378 929 442 948 Sancti
456 929 554 953 Germani,
570 935 606 957 per
621 928 700 947 nuncios

154 960 200 973 suos
212 960 259 978 quos
272 955 295 973 ad
308 955 389 973 eundem
402 954 536 979 imperatorem
549 954 630 978 mittunt7
643 953 701 972 fideli-

153 982 212 998 tatem
222 980 287 998 iurent,
305 980 357 998 Tunc
365 979 414 998 enim
422 980 482 998 dictus
490 979 583 998 Roffridus
591 979 701 998 Casinensis

154 1006 212 1023 abbas
226 1005 244 1023 in
259 1005 373 1023 monasterio
387 1004 485 1023 Casinensi
499 1004 582 1029 graviter
595 1004 701 1022 infirmaba-

153 1033 193 1054 tur⁷
209 1036 266 1055 quem
280 1030 390 1054 urgentibus
403 1030 449 1054 ipsis
463 1029 570 1048 hominibus
580 1030 643 1048 Sancti
656 1029 701 1047 Ger-

154 1055 212 1079 mani,
218 1056 300 1080 oportuit
307 1055 342 1080 ipsi
350 1055 458 1080 imperatori
466 1055 532 1073 iurare.
542 1055 613 1073 Sorella
620 1060 701 1079 quoque,

153 1087 166 1105 ι)
175 1087 211 1105 Λιιῑι
221 1087 250 1101 cod,
288 1087 301 1104 h)
311 1086 370 1100 Mum.
380 1087 409 1100 cod.
419 1087 433 1100 {n
442 1086 505 1103 mam-¹110.
