769 1252
255 120 274 138 A⁴
291 121 343 139 1238.
359 121 412 139 1239.
573 121 607 140 ¹37

61 171 84 189 de
94 170 168 189 Bahuco
182 170 294 189 electionem
308 170 371 189 fratris
383 170 474 195 Stephani
489 171 507 189 in
521 171 608 189 abbatem

61 196 186 214 Casinensem
198 198 331 220 representant
344 196 412 214 domno
423 196 514 220 Gregorio
528 202 577 220 pape
590 196 608 213 in

61 221 116 239 Urbe.
133 220 243 245 Imperiales
254 221 296 239 novi
306 221 399 239 cuduntur
407 221 513 239 Brundusii,

99 246 165 264 Mense
174 245 269 264 Februarii
278 246 380 270 Gregorius
392 252 441 270 papa
451 246 563 264 electionem
573 246 609 264 fra-

61 271 94 289 tris
104 271 195 295 Stephani
205 270 310 295 confirmat,
324 277 405 295 eumque
415 277 449 295 per
457 277 525 289 manus
535 271 609 289 Ostien-

61 296 88 314 sis
102 296 185 321 episcopi
200 296 244 314 facit
255 296 273 314 in
287 296 405 314 sacerdotem
415 296 521 321 promoveri
532 296 549 314 in
560 296 608 314 festo

61 322 122 340 sancti
135 321 220 346 Barbati,
238 323 256 339 et
270 321 299 339 die
312 321 371 339 altera
380 321 515 339 benedictionis
525 321 560 339 sibi
570 327 609 339 mu-

61 352 97 364 nus
107 346 195 371 impendi.
222 346 258 368 Qui
271 346 289 364 in
299 346 398 364 Casinensi
407 346 523 366 monasterio
532 347 550 364 in
560 347 608 364 festo

61 372 111 390 beati
121 372 198 390 Matthie
208 371 311 389 honorifice
321 374 409 396 receptus
423 374 453 390 est
466 374 484 390 et
498 378 539 390 curn
549 371 608 396 gloria

61 397 188 415 cathedratus.

99 421 230 440 MenseMartii
237 421 287 440 idem
294 422 352 439 abhas
360 422 383 439 ad
390 421 523 446 imperatorem
530 421 609 440 inLom-

60 447 145 466 bar-diam
155 446 211 470 vadit,
224 453 235 464 a
245 452 281 471 quo
292 446 373 471 henigne
382 447 428 465 satis
438 449 526 472 receptus
541 449 576 471 est7
590 449 609 465 et

60 472 130 491 ibidem
139 471 233 490 fidelitatis
244 472 277 490 sibi
287 472 369 496 prestitit
378 475 524 490 sacramentum.
551 472 574 490 Et
586 478 608 490 eo

60 503 129 515 mense
145 497 194 515 idem
210 497 268 515 abbas
283 497 393 521 priusquam
411 497 456 521 iret,
474 497 608 515 vicedecanum
637 514 639 516 .

60 522 140 541 instituit
158 522 236 540 fratrem
251 522 367 545 Ryccardum
383 522 406 540 de
422 522 500 546 Septem
516 522 609 540 fratribus.

60 548 132 566 Eodem
146 553 213 565 mense
227 547 245 565 in
258 547 287 565 die
302 549 367 565 sancto
381 546 431 565 Iovis
445 547 548 571 Gregorius
561 551 654 572 papam-n.

60 573 195 597 imperatorem
201 572 274 597 publice
279 572 439 596 excommunicat3
447 572 477 590 cui
483 572 609 590 excommuni·
622 570 645 584 Ἡ*

61 598 131 616 cationi
144 600 239 622 tamquam
254 597 323 615 iniuste
336 597 439 621 imperator
451 603 488 615 non
501 600 563 622 paret⁷
580 599 648 618 sempr.

61 629 107 642 suas
117 622 245 641 excusatorias
255 622 310 641 mittit
317 623 340 641 ad
347 622 397 641 orbis
405 622 506 647 principes7
515 623 608 647 quomodo
622 619 645 632 ²⁰·

60 654 111 673 papa
121 654 220 672 perperam
231 650 294 666 contra
305 654 326 666 se
336 647 434 672 processit.

100 673 165 691 Mense
169 673 237 697 Aprilis
244 673 380 691 monasterium
386 673 609 697 Casinenseimperature

61 699 171 721 mandante⁷
182 698 307 716 servientibus
317 700 336 715 et
345 698 386 715 aliis
397 698 419 715 ad
429 698 533 715 custodiam
544 703 609 716 neces-

61 723 117 742 sariis
130 723 262 746 communitur,
276 722 387 746 quibusdam
397 722 495 740 monachis
510 728 532 740 ex
546 728 568 740 eo
579 728 610 740 ex-

61 747 125 766 clusis.
150 747 239 765 Similiter
252 750 271 765 et
279 747 357 765 Pontem
368 750 458 765 curvum·
470 753 504 772 per
512 747 608 765 Taffurum

62 772 187 791 castellanum
197 778 252 790 rocce
262 772 331 790 lanule.

100 797 166 816 Mense
178 797 233 816 Madii
246 797 264 815 in
274 797 342 815 Marsia
352 800 397 821 aput
406 795 524 816 Tallacozum
534 797 609 821 quidam

61 825 140 841 sanetus
147 822 200 841 oddo
209 823 310 847 revelatur⁷
320 822 351 847 qui
361 822 455 841 miraculis
465 822 528 841 multis
539 823 608 841 claruit.

60 848 144 866 Thomas
161 848 184 866 de
197 848 269 872 Aquino
282 848 395 866 Acerrarum
412 854 476 866 comes
492 851 570 866 vocatus
586 849 609 866 ad

60 873 196 897 imperatorem
203 873 221 892 in
229 873 359 891 Lomhardiam
367 873 422 891 vadit.
438 873 510 891 Omnes
520 873 543 891 de
550 879 608 897 regno

61 898 93 923 qui
103 900 147 916 sunt
156 898 174 916 in
184 898 268 916 Romana
278 898 336 921 curia⁷
346 900 463 916 revocantur.
481 897 557 915 Denarii
567 898 609 916 novi

61 923 100 942 dati
115 925 158 942 sunt
171 929 204 947 per
217 925 287 941 terram
300 922 363 941 Sancti
376 922 482 946 Benedicti⁷
496 928 529 947 pro
542 923 608 947 quihus

60 950 127 967 datum
137 951 166 966 est
175 954 240 966 aurum
250 949 272 966 ad
283 953 377 966 summam
389 949 425 966 170
433 947 536 966 unciarum.

100 973 214 997 Teanensis,
229 972 344 996 Catinensis,
357 973 482 996 venafranus,
495 973 609 997 Aquinensis

61 998 146 1024 episcopi
156 998 179 1016 de
189 1004 248 1022 regno
258 1000 334 1021 exeunt,
347 997 461 1022 imperatore
470 999 576 1016 mandante.

101 1023 167 1042 Mense
180 1023 235 1047 Iunii„
249 1023 304 1041 tertio
316 1023 397 1041 intrante
411 1024 477 1041 eodem
490 1029 564 1046 mense,
578 1022 609 1051 qui

60 1048 97 1066 fuit
106 1048 184 1067 Veneris
194 1048 241 1072 dies⁷
254 1048 303 1066 circa
317 1048 382 1066 horam
395 1054 465 1066 nonam
475 1048 503 1066 sol
518 1048 609 1072 eclypsrm

61 1080 75 1097 ι)
84 1080 104 1093 fea
113 1083 124 1093 ο.

460 1097 483 1114 10
