769 1252
261 118 281 136 Α.
297 118 427 137 ¹223—1225.
596 118 620 137 55

109 168 214 193 imperator
227 168 267 197 ipse
282 174 316 193 pro
329 168 445 187 libertatibus
461 168 585 187 ecclesiarum
602 171 621 186 et

68 194 189 218 elericorum⁷
197 193 295 212 iustitiario
302 196 352 212 terre
358 193 437 212 Laboris
445 199 490 212 suas
500 193 571 212 litteras
579 193 620 212 mit-

68 219 99 242 tit,
113 219 131 237 in
142 219 209 243 quibus
219 219 302 243 mandat,
316 221 335 237 ut
345 219 436 237 ecclesias
446 224 520 242 omnes,
534 218 620 242 clericos,

67 244 195 268 obedientias,
208 244 349 269 possessiones,
363 246 382 263 et
390 244 478 263 homines
488 250 563 268 eorum,
577 250 620 262 con-

67 272 99 288 tra
109 269 212 293 libertates⁷
226 276 273 294 quas
285 270 389 288 habuerant
398 269 515 294 temporibus
525 275 591 294 regum
601 269 619 287 in

67 294 155 313 collectis
169 297 188 313 et
200 295 272 319 talleis,
285 294 345 314 datis·
358 297 377 313 et
391 295 432 313 aliis
446 294 524 319 publicis
538 294 620 313 servitiis

67 320 179 338 ammisceri
193 326 236 338 cum
249 320 290 339 aliis
305 326 342 339 non
356 320 471 344 permittant,
485 322 504 338 et
516 320 562 338 nihil
576 326 619 338 cum

68 345 129 368 laycis
143 345 255 370 participent
270 345 289 363 in
303 346 386 369 eisdem,
402 345 438 363 nisi
454 346 553 370 probetur,
570 346 619 369 quod

68 373 157 395 tempore
169 370 220 395 regis
233 370 327 389 Guilielmi
341 371 418 389 secundi
431 376 474 389 cum
487 370 515 389 eis
527 370 546 388 in
556 370 619 388 huius-

69 395 120 414 modi
130 395 212 414 servitiis
222 396 351 414 contulissent.

107 421 173 439 Mense
181 421 298 446 Septembris
306 427 340 446 pro
347 421 397 439 facto
403 421 551 439 Saracenorum
557 420 619 439 Sicilie

67 447 186 464 tantumdem
200 446 262 471 colligi
276 447 353 465 mandat
365 447 389 465 de
402 449 451 465 terra
465 446 576 465 Casinensis
589 452 619 464 ec·

68 471 127 490 clesie
140 472 250 496 imperator⁷
263 474 354 496 quantum
368 472 468 490 collectum
481 471 515 489 fuit
528 471 547 489 in
560 477 619 496 prope

68 497 159 521 preterito
170 503 236 515 mense
246 497 331 515 Ianuarii.

107 522 190 540 Marcbio
198 522 331 541 Montisferrati
341 528 384 540 cum
394 522 460 540 electis
470 521 564 540 nonnullis
572 521 619 539 mili-

69 547 119 565 tibus
133 553 180 571 quos
194 547 212 564 in
225 547 357 566 Lombardiam
373 549 392 565 et
405 547 493 565 Tusciam
509 546 618 570 retinuerat7

70 572 121 590 venit
130 571 264 595 Brundusium⁷
273 572 392 596 profecturus
402 571 420 590 in
427 572 539 590 Romaniam
549 571 567 589 in
577 578 619 590 suc-

69 603 147 616 cursum
156 597 236 616 civitatis
246 597 428 621 Thessalonicensis⁷
441 603 497 622 quani
507 597 618 616 Commiano

69 623 146 641 tenebat
160 623 270 647 obsessarnq
288 625 308 641 et
320 622 383 641 relicta
397 625 454 647 gente
468 629 501 641 sua
511 622 618 646 Brundusii,

69 648 111 672 ipse
120 648 143 666 ad
153 648 287 677 imperatorem
297 648 315 667 in
325 648 408 667 Siciliam
418 648 475 672 vadit,
486 645 585 666 consilium
595 649 617 667 ab

69 679 92 691 eo
102 676 121 692 et
129 673 218 692 auxilium
231 674 329 698 petiturus.
355 674 429 692 Interea
438 676 503 691 tamen
512 673 553 698 ipse
563 673 618 692 Com-

69 699 131 717 miauo
145 698 217 723 optinet
228 699 322 718 civitatem
332 699 401 727 ipsam,
414 698 445 717 diu
455 704 498 717 eam
507 698 618 722 obsidendo,

69 726 88 742 et
96 724 157 742 dictus
166 724 251 743 marchio
261 724 383 742 nihilominus
392 730 403 742 a
410 723 516 742 Brundusio
523 723 542 741 in
550 723 617 742 Roma-

69 748 119 767 niam
128 749 243 767 transfretat.

312 784 373 807 1225.

105 818 199 837 lohannes
205 818 379 837 iherosolimitanus
384 825 417 837 rex
422 819 446 837 de
452 818 535 843 panibus
540 818 616 837 rediens

69 843 218 868 ultramontanis,
232 849 275 862 cum
288 850 346 863 uxore
359 850 393 863 sua
403 847 509 869 pregnante
518 843 554 862 lilia
565 844 615 868 regis

69 868 170 893 Hyspmie,
182 875 239 893 quam
248 869 300 888 duxit
309 869 384 893 ibidem,
394 870 442 894 apud
452 869 537 894 Capuam
547 869 616 887 morari

70 893 131 918 elegit,
141 894 171 912 ubi
180 894 294 919 imperatore
303 895 405 913 mandante
415 894 517 913 honorifice
527 896 615 918 receptus

70 920 104 942 est,
117 918 178 943 ibique
192 925 259 938 mense
268 920 336 944 Aprilis
350 919 408 937 filiam
422 919 495 944 peperit
509 925 555 937 uxor
568 919 616 943 eius,

70 949 110 962 curn
120 950 156 968 qua
166 945 285 968 postmodum
296 945 314 963 in
323 944 410 969 Apuliam
422 944 526 969 descendit,
540 947 558 963 et
570 947 616 969 aput

70 969 169 993 Melphiam
176 969 310 994 imperatorem
318 971 341 988 de
346 969 408 988 Sicilia
417 972 516 988 venturum
523 972 615 995 expectat,

104 994 156 1013 Tunc
162 994 265 1019 imperator
271 995 313 1019 ipse
320 996 401 1014 barones
409 1001 476 1013 omnes
486 998 504 1014 et
511 995 580 1013 milites
588 995 615 1013 in-

70 1019 152 1038 feudatos
165 1020 188 1039 ad
198 1020 346 1039 Sarracenorum
360 1021 490 1039 confusionem
503 1021 521 1039 in
531 1021 614 1039 Siciliam

70 1048 127 1069 vocat⁷
141 1048 159 1063 et
168 1048 213 1063 tunc
222 1045 263 1071 ipse
273 1045 291 1064 in
300 1045 387 1070 Apuliam
397 1046 453 1064 venit.

70 1083 80 1100 ι)
88 1084 106 1097 (Λα
116 1087 135 1100 a:
144 1084 183 1097 datii:
193 1085 207 1098 21
215 1085 258 1098 dm'i·
267 1085 298 1098 add.
