769 1252
138 119 174 137 148
237 118 378 137 RYCCARDUS
392 118 423 136 DE
436 118 455 136 S.
469 118 584 137 GERMANO

135 168 220 193 discedit,
231 174 290 193 seque
304 168 376 186 confert
385 168 404 186 in
414 168 530 186 Prenestino.
554 168 682 186 Monticellum

136 196 154 212 et
159 193 238 212 Pontem
243 193 340 212 Lucanum
347 196 411 212 contra
416 193 512 212 Romanos
520 193 586 218 recipit
593 193 611 211 in
619 193 682 211 odium

134 225 189 243 pape.
204 219 232 237 Ad
241 218 317 243 quem⁶⁹
326 219 428 243 imperator
438 219 507 237 milites
517 221 536 237 et
545 218 651 237 servientes
659 219 683 237 de

134 250 194 268 regno
204 244 264 262 mittit.

172 269 267 287 Mattheus
277 269 349 287 Russus
362 275 397 293 per
406 268 517 293 Gregorium
528 275 550 293 pa
565 274 596 287 am
606 271 683 287 senator

135 293 225 318 efficitur,
256 293 274 312 ui
288 294 337 318 apud
350 294 464 318 Lagmstam,
482 300 538 318 quam
559 294 645 312 ohannes
658 294 683 312 de

135 301 353 347 ColumpnaZrmaverat
359 322 378 337 et
384 319 460 337 tenebat
465 325 499 343 per
505 325 557 343 suos⁷
565 319 683 337 obsidionem

147 347 191 362 unit.

134 350 146 368 P
171 369 237 388 Mense
250 369 331 393 Augusti
344 369 447 393 imperator
460 369 526 393 recipit
539 369 634 387 civitatem
647 369 682 392 Ty-

134 394 237 418 burtinam,
254 397 273 412 et
285 394 352 412 exinde
367 400 433 412 versus
447 394 516 412 Urbem
529 394 589 418 vadit5
606 397 624 412 et
637 397 683 412 tunc

134 422 217 437 castrum
229 420 322 444 quoddam
332 420 381 444 quod
391 420 457 438 dicitur
465 420 519 438 Mons
528 419 618 443 Albanus⁷
632 420 682 444 quod

134 447 174 462 erat
187 444 250 463 Sancti
264 444 315 462 Pauli
331 445 354 462 de
366 444 425 468 Urbe,
443 444 461 462 vi
477 450 499 462 ce
513 444 527 462 it
543 447 562 462 et
577 444 621 468 igne
637 450 682 462 con—

133 469 223 494 sumpsit3
237 472 299 488 castra
309 469 365 487 etiam
375 470 456 493 quedam
465 469 500 487 Far
509 469 560 488 ensis
571 469 681 487 monasterii

132 497 212 519 occupat
226 497 244 513 et
257 495 342 513 divastat.
364 494 447 518 Burgum
461 500 531 512 novum
545 495 641 513 desertum
653 494 682 512 in-

132 519 178 538 colis
192 519 236 544 igne
249 522 348 538 crematur
370 519 474 548 lmperator
486 519 527 544 ipse
537 520 585 544 apud
596 519 681 544 Criptam

132 545 221 563 ferratam
231 545 283 569 ponit
292 547 354 563 castra
364 551 405 569 sua
418 547 437 562 et
447 544 466 562 in
476 545 599 563 exterioribus
610 545 680 563 Urbem

132 570 222 594 divastat⁷
242 573 260 588 et
278 572 322 588 tunc
338 570 360 588 de
377 570 467 594 Gregorio
484 576 532 594 papa
548 570 597 594 quod
613 569 681 588 obierit

132 595 191 613 Rome
200 595 230 614 21.
239 595 325 619 Augusti,
339 601 372 619 pro
382 597 434 613 certo
443 595 523 619 accepit,
536 595 559 613 de
572 594 645 613 cuius⁶⁰
657 595 680 613 li-

131 620 192 639 centia
206 620 311 639 cardinales
325 626 392 638 omnes
406 620 438 645 qui
451 623 503 638 extra
517 620 584 639 Urbem
598 620 679 644 fuerant,

130 651 164 670 pro
174 645 266 663 electione
275 651 324 670 pape
334 645 419 664 facienda
429 645 452 663 ad
461 645 531 664 Urbem
540 646 625 664 redeunt.

167 671 238 688 Eodem
251 676 318 688 mense
328 670 408 694 Augusti
421 670 474 689 iussu
487 670 606 695 imperatoris
615 673 679 689 vasta-

130 698 181 714 tores
195 696 219 714 de
232 701 291 720 regno
301 698 345 720 aput
354 695 436 713 Insulam
446 695 508 720 pontis
518 696 595 714 solarati
604 698 623 714 et
632 698 679 720 aput

130 721 220 739 Sanctum
233 721 338 739 Iohannem
351 721 374 739 de
386 720 476 744 lucan-ico,
489 723 510 739 ut
518 721 588 739 intrent
597 721 677 745 Campa-

129 746 179 764 niam
190 748 334 770 congregantur.
352 746 461 764 Cardinales
471 745 502 770 qui
511 746 529 764 in
537 746 586 764 Urbe
595 746 618 764 ad
627 752 677 770 pape

129 771 241 789 electionem
251 773 385 795 convenerant,
395 777 429 795 per
438 773 547 789 senatorem
554 773 573 789 et
580 771 676 789 Romanos

129 796 177 820 apud
183 796 304 820 Septisolium
309 796 435 820 includuntur,
442 798 462 814 ut
469 796 492 814 ad
500 797 601 814 creandum
606 802 676 821 papam

128 821 181 839 inviti
190 822 298 846 procedant.

165 846 260 864 Mattheus
270 846 344 864 Russus
353 846 408 865 Urbis
418 848 494 864 senator
503 847 605 871 Lagustam
615 847 633 865 vi
640 847 676 865 Ro-

128 877 228 889 manorum
244 871 328 896 optinuit.
360 871 452 889 Thesauri
468 877 535 889 omnes
551 872 675 890 ecclesiarum

127 896 182 921 regni
194 902 205 915 a
217 899 270 921 porta
280 896 344 915 Roseti
353 902 413 920 usque
423 897 445 914 ad
455 896 503 915 fines
513 897 567 921 regni
576 897 629 915 iussu
638 897 675 915 An-

127 922 184 940 dree·
198 922 220 940 de
230 922 293 940 Cicala
302 921 395 946 capitanei
404 924 449 946 aput
458 921 548 940 Sanctum
558 922 675 940 Germanum

127 946 145 964 in
156 947 236 965 ecclesia
246 949 311 965 sancte
319 947 377 965 Marie
384 949 434 965 terre
442 947 526 965 eiusdem
534 950 676 971 congregantur

127 974 146 989 et
157 974 284 996 reponuntur3
298 978 377 996 quorum
390 971 474 990 custodie
484 972 566 996 deputati
576 975 620 990 sunt
629 972 675 990 duo-

127 996 187 1015 decim
200 997 223 1015 de
237 997 333 1015 ditioribus
347 999 366 1015 et
379 996 487 1015 melioribus
497 997 604 1015 hominibus
613 997 674 1022 ipsius

126 1024 182 1039 terre.
207 1022 230 1040 Et
242 1024 285 1039 tunc
299 1022 361 1040 tabula
374 1028 431 1040 aurea
444 1028 480 1046 que
495 1025 538 1040 ante
551 1022 609 1040 altare
623 1022 675 1040 beati

126 1053 139 1070 ι)
149 1053 187 1067 Ana?
197 1057 208 1067 ε.

126 1076 151 1094 59)
163 1076 222 1091 scilicet
234 1075 319 1091 {ohannem
331 1076 351 1091 de
362 1075 455 1096 Columpns.
497 1076 523 1095 60)
534 1076 639 1096 imperatoris.
