769 1252
313 120 333 138 Α.
349 120 401 138 1230.
598 120 631 138 101

85 170 170 188 collecta.-
182 171 277 193 presumat
289 170 389 193 imponere,
405 170 460 188 salvis
473 169 508 188 illis
520 170 595 188 servitiis
608 170 634 188 od

85 201 119 220 que
128 196 174 213 certe
183 194 255 213 ecclesie
264 195 291 213 vel
297 201 374 219 persone
383 196 464 213 tenentur
472 195 523 213 nub-'s
534 195 635 219 specialiter

85 221 180 244 obbliyote.
196 220 251 238 Dan·
260 221 278 238 in
287 221 353 238 castris
362 222 404 238 ante
414 221 524 244 Ceperanum
532 221 561 239 24.
569 221 634 239 mensi-5

85 245 161 270 Auqusti
169 245 205 263 ind.
215 246 231 264 3.

123 270 178 289 Mittit
194 270 250 288 etiam
265 276 311 289 suos
324 271 399 289 nuntios
413 273 432 289 et
444 271 517 289 litteras
530 271 552 289 ad
566 277 634 289 omnes

86 296 171 314 civitates
185 298 204 314 et
218 299 279 314 castra
294 296 317 314 de
330 296 413 314 marchia
427 302 463 320 que
477 296 512 314 sibi
524 295 634 314 fidelitatem

85 321 177 345 fecerant,
186 322 221 339 sub
231 321 377 339 comminatione
384 320 511 345 diffidationis⁷
520 324 540 339 ut
547 322 569 339 ad
577 321 633 340 fidem

85 347 164 365 redeant
173 346 258 364 Romane
268 346 349 364 ecclesie
359 348 378 364 et
387 346 497 364 mandatum
507 346 597 365 eiusdem.

123 371 190 390 Mense
203 371 327 396 Septembris7
341 372 401 396 prima
416 371 445 389 die
459 372 530 390 mensis
542 371 677 395 eiusdem782w-

85 396 117 421 qui
127 397 161 415 fuit
170 397 210 415 dies
220 396 331 421 dominicus⁷
340 402 395 415 cesar
403 396 492 415 invitatus
502 403 513 415 a
522 403 578 422 papa,
591 403 633 415 cum
649 392 662 405 ¹'

86 425 139 440 esset
146 423 164 440 in
173 422 239 440 castris
247 422 265 440 in
273 423 321 446 pede
326 422 418 446 Anagnie,
426 422 527 446 magnifice
534 422 634 440 comitatus

86 453 96 466 a
112 447 237 466 cardinalibus
251 450 269 465 et
283 447 404 466 nobilioribus
413 447 493 466 civitatis
503 447 579 466 intravit
587 448 635 466 Ana-

86 472 157 497 gniam,
171 475 189 491 et
199 478 221 491 eo
231 473 260 491 die
270 479 313 491 cum
323 479 372 497 papa
382 473 431 491 sedit
440 473 458 491 in
468 479 542 497 mensa⁷
555 475 574 491 et
583 473 635 491 solus

87 504 130 516 curn
144 498 191 522 solo,
206 498 296 522 magistro
309 500 373 516 tamen
383 498 529 516 Teutonicorum
538 501 635 523 presente,

86 523 105 541 in
118 523 180 548 papali
192 529 275 546 πωπω-8.,
289 523 367 541 consilio
377 523 434 547 longo
444 529 465 541 se
474 526 553 541 tenuere
563 523 603 547 diu3
617 526 636 541 et

86 548 116 566 die
125 548 170 566 lune
180 548 267 572 sequenti
277 554 319 566 cum
329 548 389 572 gratia
399 554 448 573 pape
456 551 474 566 et
482 548 604 566 cardinalium
611 549 635 566 ad

87 576 150 592 eastra
159 579 248 591 reversus
258 576 293 592 est.
311 573 363 591 'l'unc
373 573 451 591 Iohanni
460 574 483 592 de
493 573 531 591 Poli
541 574 636 592 concessit

87 599 198 617 comitatum
215 599 238 617 de
251 598 298 617 Albe
315 601 392 623 propter
409 598 504 617 civitatem
519 599 636 623 Fundanam,

86 630 143 649 quam
151 624 228 642 abstulit
235 623 259 648 ei,
269 627 287 642 et
294 624 373 642 reddidit
380 630 422 642 eam
430 623 525 649 Roggerio
532 625 556 643 de
562 624 636 649 Aquila,

87 656 129 668 eum
135 652 174 668 toto
179 650 268 668 Fundano
276 650 370 668 comitatu.
384 650 437 668 Tunc
444 650 501 668 etiam
509 650 636 668 abhasSanoti

87 675 179 693 vincentii
196 677 215 693 et
228 675 295 699 prelati
309 675 339 699 qui
353 675 462 699 imperatori
476 675 590 693 adherentes
605 681 635 693 ex-

87 700 220 718 communicati
230 700 311 723 fuerant,
324 700 347 718 ad
356 706 424 724 preces
434 700 553 724 imperatoris
566 707 576 718 a
600 706 635 725 apa

88 725 167 743 absoluti
178 727 227 743 sunt.
249 725 353 749 Imperator
362 731 372 742 a
382 731 431 749 papa
441 725 540 743 discedens
550 725 579 743 die
609 731 637 743 er—

88 749 141 772 curii⁷
154 749 243 774 applicuit
255 749 285 767 die
297 749 347 767 Iovis
360 752 406 774 aput
414 749 504 768 Sanctum
514 750 637 773 Germanum,

88 774 168 798 indeque
181 772 281 792 discedens
294 777 337 799 post
347 774 452 799 prandium7
465 775 500 793 suh
510 775 606 793 celeritate
615 781 637 793 se

88 800 172 824 Capuam
183 799 267 822 contulit,
280 799 347 818 exinde
357 805 423 818 versus
433 800 534 824 Melphiam
558 800 637 819 rofectu-

88 831 126 843 rus.
145 825 184 843 Rex
193 825 371 843 Thessalonicensis
380 825 425 844 obiit
434 825 521 850 Melphie.
555 825 608 844 relati
618 828 638 844 et

87 850 182 875 principes
191 850 303 868 Alamannie
313 850 331 868 in
341 856 375 869 sua
385 851 481 869 recedunt.

126 875 248 894 Belvacensis
261 876 369 900 episcopus7
383 876 414 900 qui
427 876 450 894 de
461 876 520 894 Gallia
530 879 609 894 venerat
618 876 636 894 in

88 900 177 919 auxilium
191 900 279 924 ecclesie⁷
292 907 327 925 per
339 907 407 925 papam
422 901 458 919 dux
467 901 538 925 Spoleti
552 900 637 919 efficitur.

126 925 233 949 Raynaldus
243 926 280 944 dux
288 926 359 950 Spoleti
370 925 420 944 vadit
429 926 556 950 luti-oducum7
566 926 596 945 ubi
606 926 638 944 ali-

89 950 177 975 quamdiu
186 956 258 969 morsm
265 950 344 975 faciens,
353 951 371 969 in
378 951 465 975 Apuliam
473 952 496 969 ad
504 951 637 976 imperatorem

89 976 141 994 redit.
500 985 503 988 ⁴

127 1001 192 1019 Mense
205 1001 317 1019 Novembris
330 1001 433 1026 Gregorius
448 1008 496 1026 papa
513 1004 613 1020 revocatus
626 1008 636 1019 a

90 1029 178 1044 senatore
191 1026 239 1044 redit
252 1027 274 1045 ad
288 1026 362 1045 Urbem.
389 1027 459 1045 Eodem
469 1033 536 1045 mense
545 1027 638 1051 magister

90 1051 200 1070 Guilielmus
214 1052 237 1070 de
247 1051 317 1070 Sancto
326 1051 421 1070 Germano
431 1052 494 1070 domni
504 1058 553 1076 pape
563 1051 637 1076 cappel-

90 1084 102 1100 ι)
112 1082 139 1096 ῠιῐ
148 1087 159 1096 ι,
