769 1252
274 108 294 126 A.
309 109 362 127 1234
378 108 431 127 1235.
590 109 624 127 127

114 158 180 176 Mense
195 158 290 177 Februarii
305 158 435 186 inquisitiones
451 158 496 177 fiunt
514 164 548 182 per
565 161 624 177 toturn

76 189 157 207 regnum
167 184 190 201 de
200 183 306 202 hominibus
316 183 405 207 demanii,
414 189 461 212 quos
471 184 489 201 in
496 183 542 201 locis
550 184 624 202 statutis

75 208 166 226 transfert
175 209 278 233 imperator
286 214 329 226 cum
339 208 414 227 familiis
424 208 473 232 suis3
487 211 563 233 propter
575 210 624 233 quod

75 234 100 252 de
109 233 179 252 Sancto
187 234 282 252 Germano
292 236 310 252 et
319 235 342 252 de
352 236 390 252 tota
400 236 449 252 terra
459 234 569 252 monasterii
578 240 624 252 non-

75 258 121 276 nulli
138 259 169 283 qui
185 259 255 277 inventi
269 261 313 277 sunt
328 259 350 277 de
365 259 452 277 demanio
468 259 562 283 extitisse,
579 262 624 284 aput

75 284 161 302 Curnas
157 290 183 302 ire
194 290 236 302 cum
246 284 285 303 suis
295 284 370 302 familiis
380 284 522 309 compelluntur.

113 309 180 327 Mense
193 309 253 328 Martii
268 309 336 338 captivi
350 310 373 328 de
387 309 453 334 Apulia
468 309 499 338 qui
512 311 624 328 tenebantur

74 337 122 359 aput
130 334 239 363 Canusium7
249 340 283 359 per
292 337 418 353 interventum
426 334 506 359 pecunie
515 334 623 358 liberantur.

75 362 94 378 et
104 365 128 378 ex
138 360 165 378 eis
176 359 251 388 quidam
261 360 316 384 digna
327 362 370 378 sunt
380 366 428 384 pena
438 359 527 378 mulctati.

112 385 179 403 Mense
188 384 256 409 Aprilis
270 385 372 409 imperator
384 387 430 409 aput
441 385 539 403 Precinam
551 385 661 413 paschaAw.
650 387 677 400 ¹8.

73 410 150 428 Domini
160 410 248 434 celebrat
260 413 277 428 et
287 413 427 435 consequenter
435 412 478 435 post
487 410 578 434 pascham
587 409 623 428 iter

73 435 159 460 arripuit,
172 435 190 453 in
200 435 330 453 Alamanniam
340 436 466 460 profectum-us⁷
475 435 546 454 ducens
556 441 622 453 seeum

73 461 182 479 Conradum
189 460 247 479 filium
255 467 316 479 suum,
332 461 393 482 Quem
402 460 493 485 magister
500 461 567 479 domus
574 460 622 478 Teu-

73 485 180 504 tonicorum
194 486 235 510 ipso
249 486 350 504 mandante
363 485 457 510 precessit
470 486 492 503 ad
505 492 585 514 papam7
603 488 622 503 et

72 511 157 529 Thomas
165 511 188 529 de
195 511 268 535 Aquino
275 511 388 529 Acerrarnm
399 517 463 529 comes
472 511 564 535 magister
571 510 622 528 iusti-

72 536 146 560 tini-ius⁷
157 538 175 554 et
184 536 276 554 iustitiarii
286 536 317 554 alii
326 536 348 554 de
358 542 425 560 regno,
439 541 511 553 necnon
522 538 541 554 et
550 536 621 564 Capua-

73 567 110 579 nus
120 561 233 579 Ydrontinus
244 563 263 579 et
271 560 414 579 Panormitanus
424 560 568 585 archiepiscopi,
578 567 621 578 eum

73 586 169 605 nonnullis
179 587 202 604 de
211 592 271 610 regno
281 592 341 610 usque
352 586 422 604 lanum
433 586 492 604 secuti
505 588 555 610 sunt⁷
569 588 587 604 et
598 586 620 604 de
625 588 658 606 Λρτ.

72 611 192 640 imperatoris
202 611 277 630 licentia
286 614 330 630 sunt
339 618 357 629 in
367 617 446 636 regnum
457 611 534 630 reversi.

111 637 192 655 Turres·
187 643 205 655 1n
212 637 278 655 Gaieta
286 637 369 661 exceptis
377 639 457 661 quatuor
463 636 561 655 diluuntur
568 642 620 654 man-

73 662 116 680 dato
125 662 250 687 imperatoris
266 662 328 680 Rocca
337 662 401 681 lanule
411 668 469 686 super
477 662 567 680 Sanctum
575 662 620 680 Ger-

72 693 150 705 manum
158 687 247 706 firmatur.
263 687 371 711 Stephanus
379 688 402 705 de
409 687 495 711 Anglone
503 687 551 705 cedit
558 686 619 705 officio

71 712 212 736 iustitiariatus7
230 715 249 730 et
261 712 371 730 Guilieltnus
385 712 408 730 de
420 711 489 730 Sancto
502 712 619 735 Fraymundo

72 737 157 755 succedit
167 737 233 755 eidem.
259 737 364 761 Imperator
378 742 420 754 cum
435 737 520 755 Conrado
533 736 570 754 filio
584 742 619 754 suo

72 763 92 779 et
101 762 125 779 de
135 767 193 786 regno
203 762 304 779 admodum
314 761 379 790 paucis
387 767 454 780 mense
461 761 517 780 Madii
524 762 573 786 apud
580 761 619 779 Ari-

70 786 144 805 minum
155 793 207 805 mare
216 786 279 811 inti-³17
293 790 311 805 et
323 786 341 805 in
350 787 469 811 Aquilegiam
482 787 539 810 vadit,
552 786 619 805 exinde

70 812 89 830 in
104 812 235 830 Alamanniam
251 812 374 836 profecturus.
399 812 436 830 Pax
451 812 500 830 inter
516 818 584 840 papam
601 814 620 830 et

71 837 168 855 Romanos
181 837 283 856 reformata
296 840 335 861 est·
353 837 421 862 captivi
435 837 514 855 Romani
529 843 559 862 qui
574 840 619 862 aput

70 862 173 881 viterbium
187 863 307 887 tenebantur,
320 869 355 887 per
368 869 437 887 papam
449 862 522 881 liberati
536 865 586 886 sunt⁷
600 865 619 880 et

71 888 102 912 qui
115 889 227 906 tenebantur
239 894 250 906 a
262 888 359 912 Romanis,
372 888 426 906 liberi
435 887 557 906 dimittuntur.
581 876 618 905 ⁷1³0-

71 913 135 931 bertus
145 914 168 931 de
177 913 238 931 Busso
248 919 259 931 a
268 913 386 931 iustitiariatu
396 912 468 937 Aprutii
481 914 585 936 amovetur,
599 915 618 930 et

70 938 140 957 Hector
154 938 293 957 comestabulus
306 937 375 956 Montis
383 937 458 956 Fusculi
468 937 579 956 substitutus
589 940 618 956 est

70 963 101 981 illi.

108 989 174 1007 Mense
191 988 238 1006 lunii
253 988 396 1007 Panormitanus
412 991 431 1006 et
443 988 544 1013 Capuanus
558 988 615 1006 archi-

71 1013 162 1038 episcopi7
175 1014 258 1032 Thomas
271 1014 294 1032 de
306 1013 379 1042 Aquino
391 1014 503 1032 Acerrarum
517 1019 582 1032 comes
599 1016 615 1031 el

70 1039 163 1057 Henricus
181 1039 204 1057 de
221 1039 282 1057 Morro
299 1039 390 1063 magister
402 1039 522 1062 iustitiarius,
539 1038 570 1062 qui
583 1044 616 1062 pro

70 1063 184 1088 imperatore
194 1064 212 1082 in
222 1070 285 1090 regno
291 1067 429 1088 remanserant7
443 1070 463 1082 se
476 1065 560 1088 Capuam
573 1068 616 1080 con-
